@Manual{,
  title = {knitr: A General-Purpose Package for Dynamic Report Generation in R},
  author = {Yihui Xie},
  year = {2016},
  note = {R package version 1.12.3},
  url = {http://yihui.name/knitr/},
}

@Book{,
  title = {Dynamic Documents with {R} and knitr},
  author = {Yihui Xie},
  publisher = {Chapman and Hall/CRC},
  address = {Boca Raton, Florida},
  year = {2015},
  edition = {2nd},
  note = {ISBN 978-1498716963},
  url = {http://yihui.name/knitr/},
}

@InCollection{,
  booktitle = {Implementing Reproducible Computational Research},
  editor = {Victoria Stodden and Friedrich Leisch and Roger D. Peng},
  title = {knitr: A Comprehensive Tool for Reproducible Research in {R}},
  author = {Yihui Xie},
  publisher = {Chapman and Hall/CRC},
  year = {2014},
  note = {ISBN 978-1466561595},
  url = {http://www.crcpress.com/product/isbn/9781466561595},
}
@Manual{,
  title = {readxl: Read Excel Files},
  author = {Hadley Wickham},
  year = {2015},
  note = {R package version 0.1.0},
  url = {http://CRAN.R-project.org/package=readxl},
}
@Article{,
  title = {VAR, SVAR and SVEC Models: Implementation Within {R} Package {vars}},
  author = {Bernhard Pfaff},
  journal = {Journal of Statistical Software},
  year = {2008},
  volume = {27},
  number = {4},
  url = {http://www.jstatsoft.org/v27/i04/},
}

@Book{,
  title = {Analysis of Integrated and Cointegrated Time Series with R},
  author = {B. Pfaff},
  publisher = {Springer},
  edition = {Second},
  address = {New York},
  year = {2008},
  note = {ISBN 0-387-27960-1},
  url = {http://www.pfaffikus.de},
}
@Article{,
  title = {Diagnostic Checking in Regression Relationships},
  author = {Achim Zeileis and Torsten Hothorn},
  journal = {R News},
  year = {2002},
  volume = {2},
  number = {3},
  pages = {7--10},
  url = {http://CRAN.R-project.org/doc/Rnews/},
}
@Article{,
  title = {strucchange: An R Package for Testing
                  for Structural Change in Linear Regression Models},
  author = {Achim Zeileis and Friedrich Leisch and Kurt Hornik and Christian Kleiber},
  journal = {Journal of Statistical Software},
  year = {2002},
  volume = {7},
  number = {2},
  pages = {1--38},
  url = {http://www.jstatsoft.org/v07/i02/},
}

@Article{,
  title = {Testing and Dating of Structural Changes in Practice},
  author = {Achim Zeileis and Christian Kleiber and Walter Kr\"amer and Kurt Hornik},
  journal = {Computational Statistics \& Data Analysis},
  year = {2003},
  volume = {44},
  pages = {109--123},
}

@Article{,
  title = {Implementing a Class of Structural Change Tests: An Econometric Computing Approach},
  author = {Achim Zeileis},
  journal = {Computational Statistics \& Data Analysis},
  year = {2006},
  volume = {50},
  pages = {2987--3008},
}
@Article{,
  title = {Econometric Computing with HC and HAC Covariance Matrix Estimators},
  author = {Achim Zeileis},
  journal = {Journal of Statistical Software},
  year = {2004},
  volume = {11},
  number = {10},
  pages = {1--17},
  url = {http://www.jstatsoft.org/v11/i10/},
}

@Article{,
  title = {Object-Oriented Computation of Sandwich Estimators},
  author = {Achim Zeileis},
  journal = {Journal of Statistical Software},
  year = {2006},
  volume = {16},
  number = {9},
  pages = {1--16},
  url = {http://www.jstatsoft.org/v16/i09/.},
}
@Article{,
  title = {zoo: S3 Infrastructure for Regular and Irregular Time Series},
  author = {Achim Zeileis and Gabor Grothendieck},
  journal = {Journal of Statistical Software},
  year = {2005},
  volume = {14},
  number = {6},
  pages = {1--27},
  url = {http://www.jstatsoft.org/v14/i06/},
}
@Book{,
  title = {Modern Applied Statistics with S},
  author = {W. N. Venables and B. D. Ripley},
  publisher = {Springer},
  edition = {Fourth},
  address = {New York},
  year = {2002},
  note = {ISBN 0-387-95457-0},
  url = {http://www.stats.ox.ac.uk/pub/MASS4},
}
@Manual{,
  title = {seasonal: R Interface to X-13-ARIMA-SEATS},
  author = {Christoph Sax},
  year = {2015},
  note = {R package version 1.1.0},
  url = {http://CRAN.R-project.org/package=seasonal},
}
@Manual{,
  title = {Hmisc: Harrell Miscellaneous},
  author = {Frank E Harrell Jr and with contributions from Charles Dupont and many others.},
  year = {2015},
  note = {R package version 3.17-1},
  url = {http://CRAN.R-project.org/package=Hmisc},
}
@Article{,
  title = {Extended Model Formulas in {R}: Multiple Parts and Multiple Responses},
  author = {Achim Zeileis and Yves Croissant},
  journal = {Journal of Statistical Software},
  year = {2010},
  volume = {34},
  number = {1},
  pages = {1--13},
  url = {http://www.jstatsoft.org/v34/i01/},
}
@Manual{survival-package,
  title = {A Package for Survival Analysis in S},
  author = {Terry M Therneau},
  year = {2015},
  note = {version 2.38},
  url = {http://CRAN.R-project.org/package=survival},
}

@Book{survival-book,
  title = {Modeling Survival Data: Extending the {C}ox Model},
  author = {{Terry M. Therneau} and {Patricia M. Grambsch}},
  year = {2000},
  publisher = {Springer},
  address = {New York},
  isbn = {0-387-98784-3},
}
@Book{,
  title = {Lattice: Multivariate Data Visualization with R},
  author = {Deepayan Sarkar},
  publisher = {Springer},
  address = {New York},
  year = {2008},
  note = {ISBN 978-0-387-75968-5},
  url = {http://lmdvr.r-forge.r-project.org},
}
@Manual{,
  title = {xtable: Export Tables to LaTeX or HTML},
  author = {David B. Dahl},
  year = {2015},
  note = {R package version 1.8-0},
  url = {http://CRAN.R-project.org/package=xtable},
}
@Manual{,
  title = {stargazer: Well-Formatted Regression and Summary Statistics Tables},
  author = {Marek Hlavac},
  year = {2015},
  note = {R package version 5.2},
  organization = {Harvard University},
  address = {Cambridge, USA},
  url = {http://CRAN.R-project.org/package=stargazer},
}
@Book{,
  title = {Analysis of Integrated and Cointegrated Time Series with R},
  author = {B. Pfaff},
  publisher = {Springer},
  edition = {Second},
  address = {New York},
  year = {2008},
  note = {ISBN 0-387-27960-1},
  url = {http://www.pfaffikus.de},
}
@Article{,
  title = {Dates and Times Made Easy with {lubridate}},
  author = {Garrett Grolemund and Hadley Wickham},
  journal = {Journal of Statistical Software},
  year = {2011},
  volume = {40},
  number = {3},
  pages = {1--25},
  url = {http://www.jstatsoft.org/v40/i03/},
}
@Misc{,
  title = {eurostat R package},
  author = {Leo Lahti and Janne Huovari and Markus Kainu and Przemyslaw Biecek},
  year = {2014},
  url = {https://github.com/rOpenGov/eurostat},
}
@Manual{,
  title = {tikzDevice: R Graphics Output in LaTeX Format},
  author = {Charlie Sharpsteen and Cameron Bracken},
  year = {2015},
  note = {R package version 0.9},
  url = {http://CRAN.R-project.org/package=tikzDevice},
}
@Manual{,
  title = {{qdap}: {Q}uantitative Discourse Analysis Package},
  author = {Tyler W. Rinker},
  organization = {University at Buffalo/SUNY},
  address = {Buffalo, New York},
  note = {2.2.4},
  year = {2013},
  url = {http://github.com/trinker/qdap},
}
@Manual{,
  title = {RColorBrewer: ColorBrewer Palettes},
  author = {Erich Neuwirth},
  year = {2014},
  note = {R package version 1.1-2},
  url = {http://CRAN.R-project.org/package=RColorBrewer},
}
@Manual{,
  title = {{qdapTools}: Tools to Accompany the qdap Package},
  author = {Tyler W. Rinker},
  organization = {University at Buffalo/SUNY},
  address = {Buffalo, New York},
  note = {1.3.1},
  year = {2015},
  url = {http://github.com/trinker/qdapTools},
}
@Manual{,
  title = {{qdapRegex}: Regular Expression Removal, Extraction, and Replacement Tools},
  author = {Tyler W. Rinker},
  organization = {University at Buffalo/SUNY},
  address = {Buffalo, New York},
  note = {0.6.0},
  year = {2015},
  url = {http://github.com/trinker/qdapRegex},
}
@Manual{,
  title = {{qdapDictionaries}: Dictionaries to Accompany the qdap Package},
  author = {Tyler W. Rinker},
  organization = {University at Buffalo/SUNY},
  address = {Buffalo, New York},
  note = {1.0.5},
  year = {2013},
  url = {http://github.com/trinker/qdapDictionaries},
}
@Manual{,
  title = {haven: Import SPSS, Stata and SAS Files},
  author = {Hadley Wickham and Evan Miller},
  note = {R package version 0.2.0.9000},
  url = {https://github.com/hadley/haven, https://github.com/WizardMac/ReadStat},
}
@Book{,
  author = {Hadley Wickham},
  title = {ggplot2: Elegant Graphics for Data Analysis},
  publisher = {Springer-Verlag New York},
  year = {2009},
  isbn = {978-0-387-98140-6},
  url = {http://had.co.nz/ggplot2/book},
}
@Article{,
  title = {Reshaping Data with the {reshape} Package},
  author = {Hadley Wickham},
  journal = {Journal of Statistical Software},
  year = {2007},
  volume = {21},
  number = {12},
  pages = {1--20},
  url = {http://www.jstatsoft.org/v21/i12/},
}
@Manual{,
  title = {tidyr: Easily Tidy Data with `spread()` and `gather()` Functions},
  author = {Hadley Wickham},
  year = {2016},
  note = {R package version 0.4.0},
  url = {http://CRAN.R-project.org/package=tidyr},
}
@Manual{,
  title = {tempdisagg: Methods for Temporal Disaggregation and Interpolation of Time Series},
  author = {Christoph Sax and Peter Steiner},
  year = {2015},
  note = {R package version 0.24.1},
  url = {http://journal.r-project.org/archive/2013-2/sax-steiner.pdf},
}
@Manual{,
  title = {dplyr: A Grammar of Data Manipulation},
  author = {Hadley Wickham and Romain Francois},
  year = {2015},
  note = {R package version 0.4.3},
  url = {http://CRAN.R-project.org/package=dplyr},
}
@Manual{,
  title = {brew: Templating Framework for Report Generation},
  author = {Jeffrey Horner},
  year = {2011},
  note = {R package version 1.0-6},
  url = {http://CRAN.R-project.org/package=brew},
}
@Manual{,
  title = {broom: Convert Statistical Analysis Objects into Tidy Data Frames},
  author = {David Robinson},
  year = {2015},
  note = {R package version 0.4.0},
  url = {http://CRAN.R-project.org/package=broom},
}
\begin{itemize}\raggedright
  \item R version 3.2.1 (2015-06-18), \verb|x86_64-apple-darwin13.4.0|
  \item Base packages: base, datasets, graphics, grDevices, methods, stats, utils
  \item Other packages: brew~1.0-6, broom~0.4.0, dplyr~0.4.3, eurostat~1.2.13, Formula~1.2-1, ggplot2~2.0.0,
    haven~0.2.0.9000, Hmisc~3.17-1, knitr~1.12.3, lattice~0.20-33, lmtest~0.9-34, lubridate~1.5.0, MASS~7.3-45,
    qdap~2.2.4, qdapDictionaries~1.0.6, qdapRegex~0.6.0, qdapTools~1.3.1, RColorBrewer~1.1-2, readxl~0.1.0,
    reshape2~1.4.1, sandwich~2.3-4, seasonal~1.1.0, stargazer~5.2, strucchange~1.5-1, survival~2.38-3,
    tempdisagg~0.24.1, tidyr~0.4.0, tikzDevice~0.9, urca~1.2-9, vars~1.5-2, xtable~1.8-0, zoo~1.7-12
  \item Loaded via a namespace (and not attached): acepack~1.3-3.3, assertthat~0.1, bitops~1.0-6, chron~2.3-47,
    cluster~2.0.3, colorspace~1.2-6, data.table~1.9.6, DBI~0.3.1, filehash~2.3, foreign~0.8-66, gdata~2.17.0,
    gender~0.5.1, grid~3.2.1, gridExtra~2.0.0, gtable~0.1.2, gtools~3.5.0, igraph~1.0.1, latticeExtra~0.6-26,
    magrittr~1.5, mnormt~1.5-3, munsell~0.4.2, nlme~3.1-124, NLP~0.1-8, nnet~7.3-11, openNLP~0.2-5,
    openNLPdata~1.5.3-2, parallel~3.2.1, plotrix~3.6-1, plyr~1.8.3, psych~1.5.8, R6~2.1.1, Rcpp~0.12.3,
    RCurl~1.95-4.7, reports~0.1.4, rJava~0.9-8, rpart~4.1-10, scales~0.3.0, slam~0.1-32, splines~3.2.1,
    stringi~1.0-1, stringr~1.0.0, tm~0.6-2, tools~3.2.1, venneuler~1.1-0, wordcloud~2.5, xlsx~0.5.7,
    xlsxjars~0.6.1, XML~3.98-1.3
\end{itemize}


|title                                                    |code      |type    |last.update.of.data |last.table.structure.change |data.start |data.end |values |
|:--------------------------------------------------------|:---------|:-------|:-------------------|:---------------------------|:----------|:--------|:------|
|Database by themes                                       |data      |folder  |                    |                            |           |         |NA     |
|General and regional statistics                          |general   |folder  |                    |                            |           |         |NA     |
|European and national indicators for short-term analysis |euroind   |folder  |                    |                            |           |         |NA     |
|Business and consumer surveys (source: DG ECFIN)         |ei_bcs    |folder  |                    |                            |           |         |NA     |
|Consumer surveys (source: DG ECFIN)                      |ei_bcs_cs |folder  |                    |                            |           |         |NA     |
|Consumers - monthly data                                 |ei_bsco_m |dataset |07.01.2016          |07.01.2016                  |1985M01    |2015M12  |NA     |


|     |title                                                     |code        |type    |last.update.of.data |last.table.structure.change |data.start |data.end |values |
|:----|:---------------------------------------------------------|:-----------|:-------|:-------------------|:---------------------------|:----------|:--------|:------|
|82   |GDP and main components (output, expenditure and income)  |nama_10_gdp |dataset |15.01.2016          |14.01.2016                  |1975       |2015     |NA     |
|84   |GDP and main components  (output, expenditure and income) |namq_10_gdp |dataset |20.01.2016          |06.01.2016                  |1975Q1     |2015Q3   |NA     |
|943  |GDP and main components (output, expenditure and income)  |nama_10_gdp |dataset |15.01.2016          |14.01.2016                  |1975       |2015     |NA     |
|981  |GDP and main components  (output, expenditure and income) |namq_10_gdp |dataset |20.01.2016          |06.01.2016                  |1975Q1     |2015Q3   |NA     |
|1037 |GDP and main components - Current prices                  |nama_gdp_c  |dataset |06.11.2015          |16.11.2015                  |1946       |2014     |NA     |
|1038 |GDP and main components - volumes                         |nama_gdp_k  |dataset |08.12.2014          |29.06.2015                  |1948       |2015     |NA     |


|unit       |s_adj |na_item |geo |time   |  values|
|:----------|:-----|:-------|:---|:------|-------:|
|CLV05_MEUR |NSA   |B1G     |AT  |2015Q3 | 64474.2|
|CLV05_MEUR |NSA   |B1G     |BE  |2015Q3 | 75851.6|
|CLV05_MEUR |NSA   |B1G     |BG  |2015Q3 |  6981.7|
|CLV05_MEUR |NSA   |B1G     |CH  |2015Q3 | 94830.4|
|CLV05_MEUR |NSA   |B1G     |CY  |2015Q3 |  3612.4|
|CLV05_MEUR |NSA   |B1G     |CZ  |2015Q3 | 30774.6|
'data.frame':	5985197 obs. of  6 variables:
 $ unit   : Factor w/ 24 levels "CLV05_MEUR","CLV05_MNAC",..: 1 1 1 1 1 1 1 1 1 1 ...
 $ s_adj  : Factor w/ 4 levels "NSA","SA","SWDA",..: 1 1 1 1 1 1 1 1 1 1 ...
 $ na_item: Factor w/ 39 levels "B1G","B1GQ","D21",..: 1 1 1 1 1 1 1 1 1 1 ...
 $ geo    : Factor w/ 42 levels "AT","BE","BG",..: 1 2 3 4 5 6 7 8 9 10 ...
 $ time   : chr  "2015Q3" "2015Q3" "2015Q3" "2015Q3" ...
 $ values : num  64474 75852 6982 94830 3612 ...


|title                                                    |code      |type    |last.update.of.data |last.table.structure.change |data.start |data.end |values |
|:--------------------------------------------------------|:---------|:-------|:-------------------|:---------------------------|:----------|:--------|:------|
|Database by themes                                       |data      |folder  |                    |                            |           |         |NA     |
|General and regional statistics                          |general   |folder  |                    |                            |           |         |NA     |
|European and national indicators for short-term analysis |euroind   |folder  |                    |                            |           |         |NA     |
|Business and consumer surveys (source: DG ECFIN)         |ei_bcs    |folder  |                    |                            |           |         |NA     |
|Consumer surveys (source: DG ECFIN)                      |ei_bcs_cs |folder  |                    |                            |           |         |NA     |
|Consumers - monthly data                                 |ei_bsco_m |dataset |07.01.2016          |07.01.2016                  |1985M01    |2015M12  |NA     |


|     |title                      |code          |type    |last.update.of.data |last.table.structure.change |data.start |data.end |values |
|:----|:--------------------------|:-------------|:-------|:-------------------|:---------------------------|:----------|:--------|:------|
|93   |Non-financial transactions |nasq_10_nf_tr |dataset |19.01.2016          |13.01.2016                  |1980Q1     |2015Q3   |NA     |
|1011 |Non-financial transactions |nasa_10_nf_tr |dataset |20.01.2016          |08.01.2016                  |1995       |2014     |NA     |
|1019 |Non-financial transactions |nasq_10_nf_tr |dataset |19.01.2016          |13.01.2016                  |1980Q1     |2015Q3   |NA     |
|1159 |Non-financial transactions |nasa_nf_tr    |dataset |22.08.2014          |02.02.2015                  |1949       |2013     |NA     |
|1169 |Non-financial transactions |nasq_nf_tr    |dataset |18.08.2014          |02.02.2015                  |1999Q1     |2014Q1   |NA     |


|unit    |direct |sector |na_item |s_adj |geo |time   | values|
|:-------|:------|:------|:-------|:-----|:---|:------|------:|
|CP_MEUR |PAID   |S1     |B101    |NSA   |BE  |2015Q3 |   1391|
|CP_MEUR |PAID   |S1     |B101    |NSA   |BG  |2015Q3 |     NA|
|CP_MEUR |PAID   |S1     |B101    |NSA   |CZ  |2015Q3 |   3483|
|CP_MEUR |PAID   |S1     |B101    |NSA   |DE  |2015Q3 |  88232|
|CP_MEUR |PAID   |S1     |B101    |NSA   |DK  |2015Q3 |   7254|
|CP_MEUR |PAID   |S1     |B101    |NSA   |EE  |2015Q3 |    797|
'data.frame':	3367221 obs. of  8 variables:
 $ unit   : Factor w/ 2 levels "CP_MEUR","CP_MNAC": 1 1 1 1 1 1 1 1 1 1 ...
 $ direct : Factor w/ 2 levels "PAID","RECV": 1 1 1 1 1 1 1 1 1 1 ...
 $ sector : Factor w/ 7 levels "S1","S11","S12",..: 1 1 1 1 1 1 1 1 1 1 ...
 $ na_item: Factor w/ 91 levels "B101","B1GQ",..: 1 1 1 1 1 1 1 1 1 1 ...
 $ s_adj  : Factor w/ 2 levels "NSA","SWDA": 1 1 1 1 1 1 1 1 1 1 ...
 $ geo    : Factor w/ 32 levels "BE","BG","CZ",..: 1 2 3 4 5 6 7 8 9 10 ...
 $ time   : chr  "2015Q3" "2015Q3" "2015Q3" "2015Q3" ...
 $ values : num  1391 NA 3483 88232 7254 ...


|unit                                      |s_adj                        |na_item            |geo            |time   |  values|
|:-----------------------------------------|:----------------------------|:------------------|:--------------|:------|-------:|
|Chain linked volumes (2005), million euro |Not seasonally adjusted data |Value added, gross |Austria        |2015Q3 | 64474.2|
|Chain linked volumes (2005), million euro |Not seasonally adjusted data |Value added, gross |Belgium        |2015Q3 | 75851.6|
|Chain linked volumes (2005), million euro |Not seasonally adjusted data |Value added, gross |Bulgaria       |2015Q3 |  6981.7|
|Chain linked volumes (2005), million euro |Not seasonally adjusted data |Value added, gross |Switzerland    |2015Q3 | 94830.4|
|Chain linked volumes (2005), million euro |Not seasonally adjusted data |Value added, gross |Cyprus         |2015Q3 |  3612.4|
|Chain linked volumes (2005), million euro |Not seasonally adjusted data |Value added, gross |Czech Republic |2015Q3 | 30774.6|
 [1] "CLV05_MEUR"     "CLV05_MNAC"     "CLV10_MEUR"     "CLV10_MNAC"     "CLV_I05"        "CLV_I10"        "CLV_PCH_ANN"   
 [8] "CLV_PCH_PRE"    "CLV_PCH_SM"     "CON_PPCH_PRE"   "CON_PPCH_SM"    "CP_MEUR"        "CP_MNAC"        "PC_GDP"        
[15] "PD05_EUR"       "PD05_NAC"       "PD10_EUR"       "PD10_NAC"       "PD_PCH_PRE_EUR" "PD_PCH_PRE_NAC" "PD_PCH_SM_EUR" 
[22] "PD_PCH_SM_NAC"  "PYP_MEUR"       "PYP_MNAC"      
[1] "NSA"  "SA"   "SWDA" "WDA" 
 [1] "B1G"         "B1GQ"        "D21"         "D21X31"      "D31"         "P3"          "P31_S13"     "P31_S14"    
 [9] "P31_S14_S15" "P31_S15"     "P32_S13"     "P3_P5"       "P3_P6"       "P3_S13"      "P41"         "P51G"       
[17] "P5G"         "P6"          "P61"         "P62"         "P7"          "P71"         "P72"         "B11"        
[25] "B111"        "B112"        "P52_P53"     "B2A3G"       "D1"          "D11"         "D12"         "D2"         
[33] "D2X3"        "D3"          "P52"         "P53"         "YA0"         "YA1"         "YA2"        
 [1] "AT"   "BE"   "BG"   "CH"   "CY"   "CZ"   "DE"   "DK"   "EA"   "EA12" "EA18" "EA19" "EE"   "EL"   "ES"   "EU15" "EU28"
[18] "FI"   "FR"   "HR"   "HU"   "IE"   "IT"   "LT"   "LU"   "LV"   "MK"   "NL"   "NO"   "PL"   "PT"   "RO"   "RS"   "SE"  
[35] "SI"   "SK"   "UK"   "IS"   "MT"   "AL"   "ME"   "XK"  
NULL
NULL
'data.frame':	5985197 obs. of  6 variables:
 $ unit   : Factor w/ 24 levels "Chain linked volumes (2005), million euro",..: 1 1 1 1 1 1 1 1 1 1 ...
 $ s_adj  : Factor w/ 4 levels "Not seasonally adjusted data",..: 1 1 1 1 1 1 1 1 1 1 ...
 $ na_item: Factor w/ 39 levels "Value added, gross",..: 1 1 1 1 1 1 1 1 1 1 ...
 $ geo    : Factor w/ 42 levels "Austria","Belgium",..: 1 2 3 4 5 6 7 8 9 10 ...
 $ time   : chr  "2015Q3" "2015Q3" "2015Q3" "2015Q3" ...
 $ values : num  64474 75852 6982 94830 3612 ...
[1] "Unit of measure"                                                                     
[2] "Seasonal adjustment"                                                                 
[3] "National accounts indicator (ESA10)"                                                 
[4] "Geopolitical entity (reporting)"                                                     
[5] "Period of time (a=annual, q=quarterly, m=monthly, d=daily, c=cumulated from January)"
[6] NA                                                                                    
       unit s_adj geo   time    B1G    D21   D31     D1     D2    D3  D29   D39 net_taxes_on_production
1   CP_MEUR  SWDA  EE 2015Q3 4432.8  695.5  13.6 2487.5  725.7  64.7 30.2  51.1                   -20.9
2   CP_MEUR  SWDA  EE 2015Q2 4412.4  718.8  13.7 2418.3  748.2  71.6 29.4  57.9                   -28.5
3   CP_MEUR  SWDA  EE 2015Q1 4397.1  689.8  14.1 2391.4  701.8  70.7 12.0  56.6                   -44.6
4   CP_MEUR  SWDA  EE 2014Q4 4400.5  699.9  13.1 2380.3  745.5  59.9 45.6  46.8                    -1.2
5   CP_MEUR  SWDA  EE 2014Q3 4371.0  644.7  14.5 2323.6  670.9  63.7 26.2  49.2                   -23.0
6   CP_MEUR  SWDA  EE 2014Q2 4330.3  647.3  14.3 2274.6  671.9  69.4 24.6  55.1                   -30.5
7   CP_MEUR  SWDA  EE 2014Q1 4295.2  640.5  15.3 2236.9  654.0  72.3 13.5  57.0                   -43.5
8   CP_MEUR  SWDA  EE 2013Q4 4244.7  627.7  17.8 2210.7  671.6  82.2 43.9  64.4                   -20.5
9   CP_MEUR  SWDA  EE 2013Q3 4195.6  614.3  19.0 2186.0  641.5  81.8 27.2  62.8                   -35.6
10  CP_MEUR  SWDA  EE 2013Q2 4137.1  587.0  20.4 2134.4  615.2  75.7 28.2  55.3                   -27.1
11  CP_MEUR  SWDA  EE 2013Q1 4096.3  585.8  20.0 2091.6  598.1  77.4 12.3  57.4                   -45.1
12  CP_MEUR  SWDA  EE 2012Q4 4036.7  585.7  25.8 2060.8  626.2  89.9 40.5  64.1                   -23.6
13  CP_MEUR  SWDA  EE 2012Q3 3966.6  626.4  25.9 2019.7  651.8  90.3 25.4  64.4                   -39.0
14  CP_MEUR  SWDA  EE 2012Q2 3908.6  577.4  28.0 2014.7  606.0  79.0 28.6  51.0                   -22.4
15  CP_MEUR  SWDA  EE 2012Q1 3830.6  574.5  26.3 1979.0  587.7  78.3 13.2  52.0                   -38.8
16  CP_MEUR  SWDA  EE 2011Q4 3762.8  556.7  25.3 1926.6  599.3  81.9 42.6  56.6                   -14.0
17  CP_MEUR  SWDA  EE 2011Q3 3694.1  548.4  24.8 1886.6  579.6  80.8 31.2  56.0                   -24.8
18  CP_MEUR  SWDA  EE 2011Q2 3617.1  518.9  24.1 1843.5  548.3  79.1 29.4  55.0                   -25.6
19  CP_MEUR  SWDA  EE 2011Q1 3518.1  513.5  26.1 1800.0  532.1  80.1 18.6  54.0                   -35.4
20  CP_MEUR  SWDA  EE 2010Q4 3392.5  509.5  24.3 1760.7  550.0  82.6 40.5  58.3                   -17.8
21  CP_MEUR  SWDA  EE 2010Q3 3271.5  488.2  21.7 1747.1  515.2  80.5 27.0  58.8                   -31.8
22  CP_MEUR  SWDA  EE 2010Q2 3150.3  461.4  23.5 1738.1  488.2  73.0 26.8  49.5                   -22.7
23  CP_MEUR  SWDA  EE 2010Q1 3053.3  468.3  23.6 1714.4  483.6  69.0 15.3  45.4                   -30.1
24  CP_MEUR  SWDA  EE 2009Q4 3008.0  551.6  22.3 1690.7  589.9  64.1 38.3  41.8                    -3.5
25  CP_MEUR  SWDA  EE 2009Q3 3011.5  463.0  25.6 1753.3  489.2  60.0 26.2  34.4                    -8.2
26  CP_MEUR  SWDA  EE 2009Q2 3084.8  476.1  25.9 1810.6  503.5  59.7 27.4  33.8                    -6.4
27  CP_MEUR  SWDA  EE 2009Q1 3191.5  475.4  25.9 1901.0  493.8  63.6 18.4  37.7                   -19.3
28  CP_MEUR  SWDA  EE 2008Q4 3609.7  445.3  23.9 2026.1  476.5  62.2 31.2  38.3                    -7.1
29  CP_MEUR  SWDA  EE 2008Q3 3702.7  481.5  24.1 2083.8  512.6  62.7 31.1  38.6                    -7.5
30  CP_MEUR  SWDA  EE 2008Q2 3740.1  518.3  24.2 2085.3  555.6  64.2 37.3  40.0                    -2.7
31  CP_MEUR  SWDA  EE 2008Q1 3697.0  449.8  23.5 2052.1  479.3  60.5 29.5  37.0                    -7.5
32  CP_MEUR  SWDA  EE 2007Q4 3703.2  584.0  20.3 1967.1  624.8  54.5 40.8  34.2                     6.6
33  CP_MEUR  SWDA  EE 2007Q3 3640.8  495.7  20.9 1868.6  529.5  56.4 33.8  35.5                    -1.7
34  CP_MEUR  SWDA  EE 2007Q2 3509.0  484.6  22.0 1802.9  520.1  55.7 35.5  33.7                     1.8
35  CP_MEUR  SWDA  EE 2007Q1 3375.6  501.7  21.7 1719.7  524.4  52.2 22.7  30.5                    -7.8
36  CP_MEUR  SWDA  EE 2006Q4 3197.0  460.0  30.0 1616.6  479.9  55.4 19.9  25.4                    -5.5
37  CP_MEUR  SWDA  EE 2006Q3 3025.3  440.0  23.6 1510.0  458.6  47.5 18.6  23.9                    -5.3
38  CP_MEUR  SWDA  EE 2006Q2 2890.8  417.9  19.4 1427.2  437.6  39.4 19.7  20.0                    -0.3
39  CP_MEUR  SWDA  EE 2006Q1 2769.9  402.2  20.4 1362.7  417.1  44.8 14.9  24.4                    -9.5
40  CP_MEUR  SWDA  EE 2005Q4 2653.9  349.1  19.0 1315.8  372.8  38.1 23.7  19.1                     4.6
41  CP_MEUR  SWDA  EE 2005Q3 2539.9  329.1  17.9 1258.7  351.3  36.3 22.2  18.4                     3.8
42  CP_MEUR  SWDA  EE 2005Q2 2433.6  362.2  19.1 1200.4  385.3  43.7 23.1  24.6                    -1.5
43  CP_MEUR  SWDA  EE 2005Q1 2332.4  314.4  19.5 1156.3  331.0  33.8 16.6  14.3                     2.3
44  CP_MEUR  SWDA  EE 2004Q4 2239.7  298.4  20.8 1114.4  316.2  34.9 17.8  14.1                     3.7
45  CP_MEUR  SWDA  EE 2004Q3 2179.8  286.2  18.6 1083.6  303.6  33.1 17.4  14.5                     2.9
46  CP_MEUR  SWDA  EE 2004Q2 2112.0  237.3  17.5 1049.3  254.9  35.8 17.6  18.3                    -0.7
47  CP_MEUR  SWDA  EE 2004Q1 2071.7  369.2  19.5 1031.1  381.4  31.1 12.2  11.6                     0.6
48  CP_MEUR  SWDA  EE 2003Q4 2030.7  222.9  16.0 1004.0  238.6  18.4 15.7   2.4                    13.3
49  CP_MEUR  SWDA  EE 2003Q3 1963.0  252.9  16.1  978.3  270.6  18.4 17.7   2.3                    15.4
50  CP_MEUR  SWDA  EE 2003Q2 1918.6  259.3  15.3  955.5  276.8  18.0 17.5   2.7                    14.8
51  CP_MEUR  SWDA  EE 2003Q1 1866.5  269.8  15.7  923.3  284.6  19.3 14.8   3.6                    11.2
52  CP_MEUR  SWDA  EE 2002Q4 1806.2  221.3  14.8  899.5  236.8  19.0 15.5   4.2                    11.3
53  CP_MEUR  SWDA  EE 2002Q3 1758.1  225.1  14.9  872.6  242.9  19.0 17.8   4.1                    13.7
54  CP_MEUR  SWDA  EE 2002Q2 1701.1  231.2  14.6  846.9  249.3  18.2 18.1   3.6                    14.5
55  CP_MEUR  SWDA  EE 2002Q1 1648.3  240.9  15.0  818.8  254.6  20.0 13.7   5.0                     8.7
56  CP_MEUR  SWDA  EE 2001Q4 1619.2  202.7  14.4  800.3  217.3  17.5 14.6   3.1                    11.5
57  CP_MEUR  SWDA  EE 2001Q3 1577.7  208.6  15.8  784.0  225.3  19.0 16.7   3.2                    13.5
58  CP_MEUR  SWDA  EE 2001Q2 1527.2  203.5  15.1  769.8  221.2  17.4 17.7   2.3                    15.4
59  CP_MEUR  SWDA  EE 2001Q1 1490.5  189.8  14.7  749.2  204.1  18.0 14.3   3.3                    11.0
60  CP_MEUR  SWDA  EE 2000Q4 1450.5  192.0  15.1  726.0  203.0  17.9 11.0   2.8                     8.2
61  CP_MEUR  SWDA  EE 2000Q3 1387.9  184.1  13.9  703.6  199.2  16.5 15.1   2.6                    12.5
62  CP_MEUR  SWDA  EE 2000Q2 1350.1  167.5  13.8  684.5  182.7  16.4 15.2   2.6                    12.6
63  CP_MEUR  SWDA  EE 2000Q1 1306.6  170.5  13.9  672.4  182.6  16.7 12.1   2.8                     9.3
64  CP_MEUR  SWDA  EE 1999Q4 1249.5  155.0  13.9  642.7  164.4  16.6  9.4   2.7                     6.7
65  CP_MEUR  SWDA  EE 1999Q3 1220.3  151.0  12.3  624.0  163.0  14.6 12.0   2.3                     9.7
66  CP_MEUR  SWDA  EE 1999Q2 1195.2  149.9  13.4  613.2  160.8  16.3 10.9   2.9                     8.0
67  CP_MEUR  SWDA  EE 1999Q1 1164.9  133.1  12.1  598.6  140.9  15.5  7.8   3.4                     4.4
68  CP_MEUR  SWDA  EE 1998Q4 1146.8  142.9  13.0  609.2  150.9  18.7  8.0   5.7                     2.3
69  CP_MEUR  SWDA  EE 1998Q3 1126.3  145.3  11.3  604.0  155.1  18.3  9.8   7.0                     2.8
70  CP_MEUR  SWDA  EE 1998Q2 1105.3  154.0  10.5  586.8  163.1  17.4  9.1   6.9                     2.2
71  CP_MEUR  SWDA  EE 1998Q1 1088.7  151.5   6.5  575.7  156.3  13.4  4.8   6.9                    -2.1
72  CP_MEUR  SWDA  EE 1997Q4 1056.1  153.2   5.9  572.0  158.8   8.4  5.6   2.5                     3.1
73  CP_MEUR  SWDA  EE 1997Q3 1003.3  151.4   5.8  546.0  160.9   8.5  9.5   2.7                     6.8
74  CP_MEUR  SWDA  EE 1997Q2  954.2  144.2   5.8  524.7  151.2   8.0  7.0   2.2                     4.8
75  CP_MEUR  SWDA  EE 1997Q1  903.5  131.9   6.9  505.8  134.7   9.2  2.8   2.3                     0.5
76  CP_MEUR  SWDA  EE 1996Q4  874.4  128.3   5.9  481.4  133.4   7.9  5.1   2.0                     3.1
77  CP_MEUR  SWDA  EE 1996Q3  846.5  130.4   6.4  474.2  138.4   8.3  8.0   1.9                     6.1
78  CP_MEUR  SWDA  EE 1996Q2  799.9  111.2   5.7  456.5  116.6   7.7  5.4   2.0                     3.4
79  CP_MEUR  SWDA  EE 1996Q1  755.0  100.1   5.6  435.4  102.4   7.3  2.3   1.7                     0.6
80  CP_MEUR  SWDA  EE 1995Q4  704.5   99.1   4.8  408.9  102.4   6.1  3.3   1.3                     2.0
81  CP_MEUR  SWDA  EE 1995Q3  656.9   87.3   5.2  383.6   92.3   6.0  5.0   0.8                     4.2
82  CP_MEUR  SWDA  EE 1995Q2  623.6   84.0   4.7  370.3   87.8   5.8  3.8   1.1                     2.7
83  CP_MEUR  SWDA  EE 1995Q1  576.2   90.1   4.7  347.6   91.8   5.5  1.7   0.8                     0.9
84  CP_MEUR  SWDA  LT 2015Q3 8338.9 1064.7  69.4 3814.9 1123.8 104.9 59.1  35.5                    23.6
85  CP_MEUR  SWDA  LT 2015Q2 8284.5 1050.3  72.2 3807.4 1115.9 141.2 65.6  69.0                    -3.4
86  CP_MEUR  SWDA  LT 2015Q1 8159.7 1040.2  96.5 3691.4 1095.7 130.5 55.5  34.0                    21.5
87  CP_MEUR  SWDA  LT 2014Q4 8283.9  998.3 132.5 3697.0 1076.0 133.5 77.7   1.0                    76.7
88  CP_MEUR  SWDA  LT 2014Q3 8288.5 1015.9 158.0 3641.4 1061.5 127.2 45.6 -30.8                    76.4
89  CP_MEUR  SWDA  LT 2014Q2 8209.3  981.5  49.2 3635.5 1046.9 120.2 65.4  71.0                    -5.6
90  CP_MEUR  SWDA  LT 2014Q1 8139.2  990.8 111.6 3518.1 1036.2 123.3 45.4  11.7                    33.7
91  CP_MEUR  SWDA  LT 2013Q4 8090.1  966.3 100.7 3501.9 1020.9 120.4 54.6  19.7                    34.9
92  CP_MEUR  SWDA  LT 2013Q3 8076.1  941.4 151.8 3476.3 1003.1 124.2 61.7 -27.6                    89.3
93  CP_MEUR  SWDA  LT 2013Q2 7819.4  965.0  72.3 3397.7  980.7 126.7 15.7  54.4                   -38.7
94  CP_MEUR  SWDA  LT 2013Q1 7698.0  878.0 114.7 3370.3  952.8 125.8 74.8  11.1                    63.7
95  CP_MEUR  SWDA  LT 2012Q4 7754.8  896.8 101.0 3323.6  939.7 122.6 42.9  21.6                    21.3
96  CP_MEUR  SWDA  LT 2012Q3 7633.2  884.0 142.2 3243.7  936.2 124.6 52.2 -17.6                    69.8
97  CP_MEUR  SWDA  LT 2012Q2 7423.1  891.5  87.9 3196.0  941.3 126.4 49.8  38.5                    11.3
98  CP_MEUR  SWDA  LT 2012Q1 7280.9  913.7  79.3 3217.6  946.1 115.9 32.4  36.6                    -4.2
99  CP_MEUR  SWDA  LT 2011Q4 7202.9  892.6 100.7 3175.0  940.1 114.5 47.5  13.8                    33.7
100 CP_MEUR  SWDA  LT 2011Q3 7114.3  902.4 121.9 3121.1  933.0 110.1 30.6 -11.8                    42.4
101 CP_MEUR  SWDA  LT 2011Q2 7042.5  868.3  58.9 3025.7  919.8 106.7 51.5  47.8                     3.7
102 CP_MEUR  SWDA  LT 2011Q1 6809.1  841.2 105.4 2977.1  903.5 109.9 62.3   4.5                    57.8
103 CP_MEUR  SWDA  LT 2010Q4 6471.3  850.0 112.1 2875.5  886.8 106.0 36.8  -6.1                    42.9
104 CP_MEUR  SWDA  LT 2010Q3 6337.6  794.8 124.5 2876.6  856.9 107.6 62.1 -16.9                    79.0
105 CP_MEUR  SWDA  LT 2010Q2 6226.5  765.4  48.6 2841.4  829.8 113.1 64.4  64.5                    -0.1
106 CP_MEUR  SWDA  LT 2010Q1 6178.2  784.4  89.4 2867.1  811.4 107.6 27.0  18.2                     8.8
107 CP_MEUR  SWDA  LT 2009Q4 5856.7  734.8 135.1 2816.9  795.6 127.0 60.8  -8.1                    68.9
108 CP_MEUR  SWDA  LT 2009Q3 5896.6  762.0 111.6 2933.6  795.2 114.9 33.2   3.3                    29.9
109 CP_MEUR  SWDA  LT 2009Q2 6179.7  756.3  42.7 3032.4  795.9  94.6 39.6  51.9                   -12.3
110 CP_MEUR  SWDA  LT 2009Q1 6390.9  745.3  72.3 3198.5  793.1 100.3 47.8  28.0                    19.8
111 CP_MEUR  SWDA  LT 2008Q4 7089.0  952.1  54.0 3623.2  982.3  80.3 30.2  26.3                     3.9
112 CP_MEUR  SWDA  LT 2008Q3 7456.1  907.1  70.9 3691.3  972.7 108.3 65.6  37.4                    28.2
113 CP_MEUR  SWDA  LT 2008Q2 7534.6  917.7 103.8 3565.1  962.8 125.0 45.1  21.2                    23.9
114 CP_MEUR  SWDA  LT 2008Q1 7202.5  916.2 125.4 3464.2  949.4 136.3 33.2  10.9                    22.3
115 CP_MEUR  SWDA  LT 2007Q4 6937.5  896.6 157.7 3425.1  926.1 131.7 29.5 -26.0                    55.5
116 CP_MEUR  SWDA  LT 2007Q3 6685.3  820.7  14.5 3132.3  886.3 105.5 65.6  91.0                   -25.4
117 CP_MEUR  SWDA  LT 2007Q2 6365.3  797.1  68.7 2970.4  843.8 115.5 46.7  46.8                    -0.1
118 CP_MEUR  SWDA  LT 2007Q1 6104.4  753.3  60.4 2803.4  799.2  88.2 45.9  27.8                    18.1
119 CP_MEUR  SWDA  LT 2006Q4 5866.6  697.8 166.9 2784.2  750.6 107.3 52.8 -59.6                   112.4
120 CP_MEUR  SWDA  LT 2006Q3 5569.2  685.1  15.2 2682.0  710.8  99.1 25.7  83.9                   -58.2
121 CP_MEUR  SWDA  LT 2006Q2 5199.0  647.2  11.4 2455.6  673.5  88.9 26.3  77.5                   -51.2
122 CP_MEUR  SWDA  LT 2006Q1 5117.5  584.2  73.6 2362.6  641.0  98.8 56.8  25.2                    31.6
123 CP_MEUR  SWDA  LT 2005Q4 5080.9  582.8 105.6 2268.7  621.6  93.9 38.8 -11.7                    50.5
124 CP_MEUR  SWDA  LT 2005Q3 4822.6  579.0  29.9 2148.5  609.5  88.9 30.5  59.0                   -28.5
125 CP_MEUR  SWDA  LT 2005Q2 4622.1  565.9  33.2 2092.2  597.3  97.8 31.4  64.6                   -33.2
126 CP_MEUR  SWDA  LT 2005Q1 4493.3  537.6 102.4 2010.2  575.8 102.0 38.2  -0.4                    38.6
127 CP_MEUR  SWDA  LT 2004Q4 4366.7  506.8  82.5 1922.2  546.9  83.7 40.1   1.2                    38.9
128 CP_MEUR  SWDA  LT 2004Q3 4148.6  501.6  50.9 1852.0  518.3  72.1 16.7  21.2                    -4.5
129 CP_MEUR  SWDA  LT 2004Q2 4069.3  452.3  35.7 1807.4  495.5  53.8 43.2  18.1                    25.1
130 CP_MEUR  SWDA  LT 2004Q1 3880.9  463.4  20.8 1725.7  488.4  39.4 25.0  18.6                     6.4
131 CP_MEUR  SWDA  LT 2003Q4 3832.0  474.7  27.6 1654.7  491.1  31.4 16.4   3.8                    12.6
132 CP_MEUR  SWDA  LT 2003Q3 3756.3  460.2  31.2 1621.3  490.8  33.9 30.6   2.7                    27.9
133 CP_MEUR  SWDA  LT 2003Q2 3673.2  455.8  26.9 1609.5  486.7  31.7 30.9   4.8                    26.1
134 CP_MEUR  SWDA  LT 2003Q1 3670.7  449.7  22.1 1547.5  481.7  29.6 32.0   7.5                    24.5
135 CP_MEUR  SWDA  LT 2002Q4 3466.8  461.5  37.8 1496.4  479.0  34.8 17.5  -3.0                    20.5
136 CP_MEUR  SWDA  LT 2002Q3 3430.4  439.1  20.6 1469.9  476.8  26.8 37.7   6.2                    31.5
137 CP_MEUR  SWDA  LT 2002Q2 3372.1  447.3  19.8 1419.0  472.8  29.1 25.5   9.3                    16.2
138 CP_MEUR  SWDA  LT 2002Q1 3233.6  429.9  23.3 1409.8  457.2  27.2 27.3   3.9                    23.4
139 CP_MEUR  SWDA  LT 2001Q4 3089.4  402.5   7.6 1308.8  425.1  25.3 22.6  17.7                     4.9
140 CP_MEUR  SWDA  LT 2001Q3 3063.3  391.5  26.4 1296.3  411.7  31.2 20.2   4.8                    15.4
141 CP_MEUR  SWDA  LT 2001Q2 3112.0  389.7   8.7 1326.2  410.8  26.4 21.1  17.7                     3.4
142 CP_MEUR  SWDA  LT 2001Q1 2920.9  394.3  29.9 1239.4  424.5  29.8 30.2  -0.1                    30.3
143 CP_MEUR  SWDA  LT 2000Q4 3017.3  395.3  23.6 1306.7  411.2  27.0 15.9   3.4                    12.5
144 CP_MEUR  SWDA  LT 2000Q3 2819.4  367.5  24.5 1234.7  393.1  25.1 25.6   0.6                    25.0
145 CP_MEUR  SWDA  LT 2000Q2 2725.0  368.2  26.7 1203.5  383.9  26.7 15.7   0.0                    15.7
146 CP_MEUR  SWDA  LT 2000Q1 2558.0  354.0  20.9 1150.0  367.6  22.8 13.6   1.9                    11.7
147 CP_MEUR  SWDA  LT 1999Q4 2330.1  323.8  25.3 1102.6  355.1  25.5 31.3   0.2                    31.1
148 CP_MEUR  SWDA  LT 1999Q3 2264.9  356.7  18.9 1116.4  361.6  24.6  4.9   5.7                    -0.8
149 CP_MEUR  SWDA  LT 1999Q2 2319.9  345.8  23.6 1131.4  362.1  27.1 16.3   3.5                    12.8
150 CP_MEUR  SWDA  LT 1999Q1 2135.4  314.9  26.0 1059.3  340.6  27.2 25.7   1.2                    24.5
151 CP_MEUR  SWDA  LT 1998Q4 2112.7  315.2  24.0 1028.8  327.2  25.1 12.0   1.1                    10.9
152 CP_MEUR  SWDA  LT 1998Q3 2228.9  329.6  19.8 1077.6  347.3  29.9 17.7  10.1                     7.6
153 CP_MEUR  SWDA  LT 1998Q2 2233.8  333.9  19.9 1047.1  355.9  24.3 22.0   4.4                    17.6
154 CP_MEUR  SWDA  LT 1998Q1 2220.4  346.9  20.1 1010.8  361.2  23.2 14.3   3.1                    11.2
155 CP_MEUR  SWDA  LT 1997Q4 2087.5  322.3  12.8  932.5  339.6  22.2 17.3   9.4                     7.9
156 CP_MEUR  SWDA  LT 1997Q3 2048.4  299.0   2.4  915.3  329.0  15.6 30.0  13.2                    16.8
157 CP_MEUR  SWDA  LT 1997Q2 1892.9  286.1  18.8  833.2  292.2  18.6  6.1  -0.2                     6.3
158 CP_MEUR  SWDA  LT 1997Q1 1794.9  245.9  13.5  767.6  256.5  17.8 10.6   4.3                     6.3
159 CP_MEUR  SWDA  LT 1996Q4 1587.0  201.5   7.2  679.0  214.7  15.9 13.2   8.7                     4.5
160 CP_MEUR  SWDA  LT 1996Q3 1534.8  190.8  17.6  650.0  194.1  26.0  3.3   8.4                    -5.1
161 CP_MEUR  SWDA  LT 1996Q2 1451.2  172.0  23.7  612.6  182.8  19.7 10.8  -4.0                    14.8
162 CP_MEUR  SWDA  LT 1996Q1 1362.8  161.0  11.4  568.5  169.9  18.2  8.9   6.8                     2.1
163 CP_MEUR  SWDA  LT 1995Q4 1255.9  160.7  16.3  527.9  161.8  16.1  1.1  -0.2                     1.3
164 CP_MEUR  SWDA  LT 1995Q3 1182.2  153.4   2.5  487.0  157.4  11.3  4.0   8.8                    -4.8
165 CP_MEUR  SWDA  LT 1995Q2 1080.2  142.3  14.9  456.1  149.0  12.1  6.7  -2.8                     9.5
166 CP_MEUR  SWDA  LT 1995Q1 1053.5  136.4  12.3  442.0  148.9  11.9 12.5  -0.4                    12.9
167 CP_MEUR  SWDA  LV 2015Q3 5444.8  720.7   1.9 2654.9  792.7  31.4 72.0  29.5                    42.5
168 CP_MEUR  SWDA  LV 2015Q2 5394.8  699.0   2.0 2640.9  776.9  96.3 77.9  94.3                   -16.4
169 CP_MEUR  SWDA  LV 2015Q1 5302.3  691.8   2.0 2579.0  772.6 185.8 80.8 183.8                  -103.0
170 CP_MEUR  SWDA  LV 2014Q4 5275.6  691.1   1.9 2510.1  764.9  63.5 73.8  61.6                    12.2
171 CP_MEUR  SWDA  LV 2014Q3 5231.5  676.2   1.9 2478.1  753.1  40.8 76.9  38.9                    38.0
172 CP_MEUR  SWDA  LV 2014Q2 5185.9  672.8   2.0 2438.6  740.4  89.3 67.6  87.3                   -19.7
173 CP_MEUR  SWDA  LV 2014Q1 5181.7  650.8   2.1 2429.8  728.8 173.2 78.0 171.1                   -93.1
174 CP_MEUR  SWDA  LV 2013Q4 5126.2  650.7   1.1 2373.9  714.2  79.4 63.5  78.3                   -14.8
175 CP_MEUR  SWDA  LV 2013Q3 5085.7  630.2   1.2 2333.9  696.1  68.5 65.9  67.3                    -1.4
176 CP_MEUR  SWDA  LV 2013Q2 5018.5  628.4   1.3 2287.2  695.2 144.8 66.8 143.5                   -76.7
177 CP_MEUR  SWDA  LV 2013Q1 5005.1  626.6   1.5 2219.4  684.1 174.7 57.5 173.2                  -115.7
178 CP_MEUR  SWDA  LV 2012Q4 4986.7  618.2   1.8 2246.4  679.7  83.2 61.5  81.4                   -19.9
179 CP_MEUR  SWDA  LV 2012Q3 4929.7  595.7   2.0 2189.2  656.3  71.9 60.6  69.9                    -9.3
180 CP_MEUR  SWDA  LV 2012Q2 4838.9  591.4   2.2 2134.1  657.4 138.7 66.0 136.5                   -70.5
181 CP_MEUR  SWDA  LV 2012Q1 4699.6  601.8   2.5 2070.3  653.4 171.4 51.6 168.9                  -117.3
182 CP_MEUR  SWDA  LV 2011Q4 4662.1  565.4   2.5 2066.5  626.3  72.2 60.9  69.7                    -8.8
183 CP_MEUR  SWDA  LV 2011Q3 4505.7  570.0   2.7 1991.6  620.1  61.8 50.1  59.1                    -9.0
184 CP_MEUR  SWDA  LV 2011Q2 4422.9  530.3   3.0 1980.5  573.2 114.5 42.9 111.5                   -68.6
185 CP_MEUR  SWDA  LV 2011Q1 4312.7  475.1   3.4 1886.8  535.2 126.7 60.1 123.3                   -63.2
186 CP_MEUR  SWDA  LV 2010Q4 4088.5  471.1   7.7 1938.5  526.4  95.1 55.3  87.4                   -32.1
187 CP_MEUR  SWDA  LV 2010Q3 3973.2  484.2   9.5 1882.5  527.8  67.8 43.6  58.3                   -14.7
188 CP_MEUR  SWDA  LV 2010Q2 3896.6  477.7  10.8 1853.4  513.7 120.1 36.0 109.3                   -73.3
189 CP_MEUR  SWDA  LV 2010Q1 3894.4  484.4  11.7 1818.1  515.5 123.6 31.1 111.9                   -80.8
190 CP_MEUR  SWDA  LV 2009Q4 3989.1  443.2  15.5 1845.1  480.9  84.6 37.7  69.1                   -31.4
191 CP_MEUR  SWDA  LV 2009Q3 4035.7  461.9  18.4 2033.8  496.6  83.3 34.7  64.9                   -30.2
192 CP_MEUR  SWDA  LV 2009Q2 4306.6  496.2  20.5 2229.1  527.4 166.3 31.2 145.8                  -114.6
193 CP_MEUR  SWDA  LV 2009Q1 4595.9  507.7  24.0 2446.8  544.8  85.7 37.1  61.7                   -24.6
194 CP_MEUR  SWDA  LV 2008Q4 5273.1  526.7  24.3 2833.2  562.5 104.8 35.8  80.5                   -44.7
195 CP_MEUR  SWDA  LV 2008Q3 5525.7  634.5  14.1 2940.1  671.6 124.6 37.1 110.5                   -73.4
196 CP_MEUR  SWDA  LV 2008Q2 5555.6  640.8  15.3 2871.0  686.4 132.8 45.6 117.5                   -71.9
197 CP_MEUR  SWDA  LV 2008Q1 5479.3  665.5  17.1 2828.6  690.7 123.6 25.2 106.5                   -81.3
198 CP_MEUR  SWDA  LV 2007Q4 5341.6  661.0  16.5 2718.8  697.8  58.5 36.8  42.0                    -5.2
199 CP_MEUR  SWDA  LV 2007Q3 5225.5  666.1  15.1 2564.2  704.4  57.7 38.3  42.6                    -4.3
200 CP_MEUR  SWDA  LV 2007Q2 4918.8  637.4  16.4 2400.1  675.4 113.8 38.0  97.4                   -59.4
201 CP_MEUR  SWDA  LV 2007Q1 4601.8  593.5   6.1 2230.7  631.8  89.5 38.3  83.4                   -45.1
202 CP_MEUR  SWDA  LV 2006Q4 4187.3  579.4  36.9 1995.5  609.6  95.8 30.2  58.9                   -28.7
203 CP_MEUR  SWDA  LV 2006Q3 3919.1  529.8   7.0 1825.9  562.5  11.5 32.7   4.5                    28.2
204 CP_MEUR  SWDA  LV 2006Q2 3660.8  488.7  13.2 1696.5  515.7  36.9 27.0  23.7                     3.3
205 CP_MEUR  SWDA  LV 2006Q1 3430.8  457.5  12.3 1586.8  490.8 100.1 33.3  87.8                   -54.5
206 CP_MEUR  SWDA  LV 2005Q4 3319.7  449.8  15.4 1487.6  477.0  42.9 27.2  27.5                    -0.3
207 CP_MEUR  SWDA  LV 2005Q3 3126.0  397.7  16.1 1407.6  429.2  22.5 31.5   6.4                    25.1
208 CP_MEUR  SWDA  LV 2005Q2 2899.0  380.2  13.9 1328.1  403.0  72.6 22.8  58.7                   -35.9
209 CP_MEUR  SWDA  LV 2005Q1 2778.2  349.2  15.4 1274.1  380.6  52.1 31.4  36.7                    -5.3
210 CP_MEUR  SWDA  LV 2004Q4 2686.4  338.1  14.9 1157.0  366.7  52.4 28.6  37.5                    -8.9
211 CP_MEUR  SWDA  LV 2004Q3 2665.3  323.9  10.8 1136.7  355.0  10.1 31.1  -0.7                    31.8
212 CP_MEUR  SWDA  LV 2004Q2 2595.7  290.0  14.0 1108.4  308.7  21.8 18.7   7.8                    10.9
213 CP_MEUR  SWDA  LV 2004Q1 2443.7  296.5  24.9 1050.4  326.5  16.6 30.0  -8.3                    38.3
214 CP_MEUR  SWDA  LV 2003Q4 2391.3  290.6   9.5 1031.1  316.0  31.1 25.4  21.6                     3.8
215 CP_MEUR  SWDA  LV 2003Q3 2385.7  287.6  11.2 1017.8  319.6  24.4 32.0  13.2                    18.8
216 CP_MEUR  SWDA  LV 2003Q2 2288.1  271.1   8.7  984.3  296.4  18.2 25.3   9.5                    15.8
217 CP_MEUR  SWDA  LV 2003Q1 2299.3  264.3   8.9  971.2  294.4   9.3 30.1   0.4                    29.7
218 CP_MEUR  SWDA  LV 2002Q4 2309.6  268.7   8.0  976.7  294.2  32.1 25.5  24.1                     1.4
219 CP_MEUR  SWDA  LV 2002Q3 2263.4  246.0   7.7  952.4  273.2  18.2 27.2  10.5                    16.7
220 CP_MEUR  SWDA  LV 2002Q2 2296.5  255.9   7.5  971.7  280.4  12.7 24.5   5.2                    19.3
221 CP_MEUR  SWDA  LV 2002Q1 2257.7  255.5   7.5  973.3  283.1   9.1 27.6   1.6                    26.0
222 CP_MEUR  SWDA  LV 2001Q4 2208.2  238.9   7.4  966.4  275.1  18.1 36.2  10.7                    25.5
223 CP_MEUR  SWDA  LV 2001Q3 2109.6  249.5   7.5  960.5  281.8  18.5 32.3  11.0                    21.3
224 CP_MEUR  SWDA  LV 2001Q2 2108.8  256.7   7.7  933.2  292.5  12.8 35.8   5.1                    30.7
225 CP_MEUR  SWDA  LV 2001Q1 1964.7  223.5   7.7  896.5  263.6  12.4 40.1   4.7                    35.4
226 CP_MEUR  SWDA  LV 2000Q4 2032.9  241.2   9.3  941.5  272.9  24.8 31.7  15.5                    16.2
227 CP_MEUR  SWDA  LV 2000Q3 1980.6  243.1   9.5  905.0  271.4  24.2 28.3  14.7                    13.6
228 CP_MEUR  SWDA  LV 2000Q2 1884.3  236.4   9.6  879.6  265.0  20.2 28.6  10.6                    18.0
229 CP_MEUR  SWDA  LV 2000Q1 1766.5  223.2   9.4  831.6  255.9  16.0 32.7   6.6                    26.1
230 CP_MEUR  SWDA  LV 1999Q4 1650.6  215.0   9.2  793.7  251.2  27.4 36.2  18.2                    18.0
231 CP_MEUR  SWDA  LV 1999Q3 1595.5  202.9   8.9  761.2  237.2  23.0 34.3  14.1                    20.2
232 CP_MEUR  SWDA  LV 1999Q2 1539.1  194.6   8.6  744.8  232.0  23.0 37.4  14.4                    23.0
233 CP_MEUR  SWDA  LV 1999Q1 1483.0  181.7   8.0  709.2  220.7  22.3 39.0  14.3                    24.7
234 CP_MEUR  SWDA  LV 1998Q4 1413.0  184.1   7.1  666.0  212.8  13.2 28.7   6.1                    22.6
235 CP_MEUR  SWDA  LV 1998Q3 1412.6  196.1   6.8  675.4  224.1  26.5 28.0  19.7                     8.3
236 CP_MEUR  SWDA  LV 1998Q2 1414.3  191.2   6.4  666.5  226.1  19.1 34.9  12.7                    22.2
237 CP_MEUR  SWDA  LV 1998Q1 1402.9  206.5   6.0  657.0  249.8  10.2 43.3   4.2                    39.1
238 CP_MEUR  SWDA  LV 1997Q4 1371.9  178.9   5.2  651.8  199.5  10.7 20.6   5.5                    15.1
239 CP_MEUR  SWDA  LV 1997Q3 1320.5  171.3   5.0  641.0  197.8  21.9 26.5  16.9                     9.6
240 CP_MEUR  SWDA  LV 1997Q2 1237.8  161.6   4.4  597.1  188.6  15.0 27.0  10.6                    16.4
241 CP_MEUR  SWDA  LV 1997Q1 1157.2  149.1   4.0  567.3  183.2   7.8 34.1   3.8                    30.3
242 CP_MEUR  SWDA  LV 1996Q4 1084.7  166.0   1.5  571.6  177.8   6.9 11.8   5.4                     6.4
243 CP_MEUR  SWDA  LV 1996Q3 1059.9  120.5   1.4  524.7  133.5  13.7 13.0  12.3                     0.7
244 CP_MEUR  SWDA  LV 1996Q2 1024.5  123.4   1.3  510.2  140.1   9.8 16.7   8.5                     8.2
245 CP_MEUR  SWDA  LV 1996Q1  972.2  114.8   1.2  477.4  133.4   5.1 18.6   3.9                    14.7
246 CP_MEUR  SWDA  LV 1995Q4  923.0  115.2   1.1  434.1  130.1   8.2 14.9   7.1                     7.8
247 CP_MEUR  SWDA  LV 1995Q3  911.5  119.0   1.1  423.6  134.5  15.3 15.5  14.2                     1.3
248 CP_MEUR  SWDA  LV 1995Q2  916.8  115.2   1.1  423.7  134.6  13.8 19.4  12.7                     6.7
249 CP_MEUR  SWDA  LV 1995Q1  906.3  117.4   1.1  413.6  139.4   7.5 22.0   6.4                    15.6
       unit s_adj geo   time    B1G    D21   D31     D1     D2    D3  D29   D39 net_taxes_on_production    B2G B2G_ratio_CEE
1   CP_MEUR  SWDA  EE 2015Q3 4432.8  695.5  13.6 2487.5  725.7  64.7 30.2  51.1                   -20.9 1966.2      44.35571
2   CP_MEUR  SWDA  LT 2015Q3 8338.9 1064.7  69.4 3814.9 1123.8 104.9 59.1  35.5                    23.6 4500.4      53.96875
3   CP_MEUR  SWDA  LV 2015Q3 5444.8  720.7   1.9 2654.9  792.7  31.4 72.0  29.5                    42.5 2747.4      50.45915
4   CP_MEUR  SWDA  EE 2015Q2 4412.4  718.8  13.7 2418.3  748.2  71.6 29.4  57.9                   -28.5 2022.6      45.83900
5   CP_MEUR  SWDA  LT 2015Q2 8284.5 1050.3  72.2 3807.4 1115.9 141.2 65.6  69.0                    -3.4 4480.5      54.08293
6   CP_MEUR  SWDA  LV 2015Q2 5394.8  699.0   2.0 2640.9  776.9  96.3 77.9  94.3                   -16.4 2770.3      51.35130
7   CP_MEUR  SWDA  EE 2015Q1 4397.1  689.8  14.1 2391.4  701.8  70.7 12.0  56.6                   -44.6 2050.3      46.62846
8   CP_MEUR  SWDA  LT 2015Q1 8159.7 1040.2  96.5 3691.4 1095.7 130.5 55.5  34.0                    21.5 4446.8      54.49710
9   CP_MEUR  SWDA  LV 2015Q1 5302.3  691.8   2.0 2579.0  772.6 185.8 80.8 183.8                  -103.0 2826.3      53.30328
10  CP_MEUR  SWDA  EE 2014Q4 4400.5  699.9  13.1 2380.3  745.5  59.9 45.6  46.8                    -1.2 2021.4      45.93569
11  CP_MEUR  SWDA  LT 2014Q4 8283.9  998.3 132.5 3697.0 1076.0 133.5 77.7   1.0                    76.7 4510.2      54.44537
12  CP_MEUR  SWDA  LV 2014Q4 5275.6  691.1   1.9 2510.1  764.9  63.5 73.8  61.6                    12.2 2753.3      52.18932
13  CP_MEUR  SWDA  EE 2014Q3 4371.0  644.7  14.5 2323.6  670.9  63.7 26.2  49.2                   -23.0 2070.4      47.36674
14  CP_MEUR  SWDA  LT 2014Q3 8288.5 1015.9 158.0 3641.4 1061.5 127.2 45.6 -30.8                    76.4 4570.7      55.14508
15  CP_MEUR  SWDA  LV 2014Q3 5231.5  676.2   1.9 2478.1  753.1  40.8 76.9  38.9                    38.0 2715.4      51.90481
16  CP_MEUR  SWDA  EE 2014Q2 4330.3  647.3  14.3 2274.6  671.9  69.4 24.6  55.1                   -30.5 2086.2      48.17680
17  CP_MEUR  SWDA  LT 2014Q2 8209.3  981.5  49.2 3635.5 1046.9 120.2 65.4  71.0                    -5.6 4579.4      55.78308
18  CP_MEUR  SWDA  LV 2014Q2 5185.9  672.8   2.0 2438.6  740.4  89.3 67.6  87.3                   -19.7 2767.0      53.35622
19  CP_MEUR  SWDA  EE 2014Q1 4295.2  640.5  15.3 2236.9  654.0  72.3 13.5  57.0                   -43.5 2101.8      48.93369
20  CP_MEUR  SWDA  LT 2014Q1 8139.2  990.8 111.6 3518.1 1036.2 123.3 45.4  11.7                    33.7 4587.4      56.36180
21  CP_MEUR  SWDA  LV 2014Q1 5181.7  650.8   2.1 2429.8  728.8 173.2 78.0 171.1                   -93.1 2845.0      54.90476
22  CP_MEUR  SWDA  EE 2013Q4 4244.7  627.7  17.8 2210.7  671.6  82.2 43.9  64.4                   -20.5 2054.5      48.40154
23  CP_MEUR  SWDA  LT 2013Q4 8090.1  966.3 100.7 3501.9 1020.9 120.4 54.6  19.7                    34.9 4553.3      56.28237
24  CP_MEUR  SWDA  LV 2013Q4 5126.2  650.7   1.1 2373.9  714.2  79.4 63.5  78.3                   -14.8 2767.1      53.97956
25  CP_MEUR  SWDA  EE 2013Q3 4195.6  614.3  19.0 2186.0  641.5  81.8 27.2  62.8                   -35.6 2045.2      48.74631
26  CP_MEUR  SWDA  LT 2013Q3 8076.1  941.4 151.8 3476.3 1003.1 124.2 61.7 -27.6                    89.3 4510.5      55.84998
27  CP_MEUR  SWDA  LV 2013Q3 5085.7  630.2   1.2 2333.9  696.1  68.5 65.9  67.3                    -1.4 2753.2      54.13611
28  CP_MEUR  SWDA  EE 2013Q2 4137.1  587.0  20.4 2134.4  615.2  75.7 28.2  55.3                   -27.1 2029.8      49.06335
29  CP_MEUR  SWDA  LT 2013Q2 7819.4  965.0  72.3 3397.7  980.7 126.7 15.7  54.4                   -38.7 4460.4      57.04274
30  CP_MEUR  SWDA  LV 2013Q2 5018.5  628.4   1.3 2287.2  695.2 144.8 66.8 143.5                   -76.7 2808.0      55.95297
31  CP_MEUR  SWDA  EE 2013Q1 4096.3  585.8  20.0 2091.6  598.1  77.4 12.3  57.4                   -45.1 2049.8      50.04028
32  CP_MEUR  SWDA  LT 2013Q1 7698.0  878.0 114.7 3370.3  952.8 125.8 74.8  11.1                    63.7 4264.0      55.39101
33  CP_MEUR  SWDA  LV 2013Q1 5005.1  626.6   1.5 2219.4  684.1 174.7 57.5 173.2                  -115.7 2901.4      57.96887
34  CP_MEUR  SWDA  EE 2012Q4 4036.7  585.7  25.8 2060.8  626.2  89.9 40.5  64.1                   -23.6 1999.5      49.53303
35  CP_MEUR  SWDA  LT 2012Q4 7754.8  896.8 101.0 3323.6  939.7 122.6 42.9  21.6                    21.3 4409.9      56.86671
36  CP_MEUR  SWDA  LV 2012Q4 4986.7  618.2   1.8 2246.4  679.7  83.2 61.5  81.4                   -19.9 2760.2      55.35123
37  CP_MEUR  SWDA  EE 2012Q3 3966.6  626.4  25.9 2019.7  651.8  90.3 25.4  64.4                   -39.0 1985.9      50.06555
38  CP_MEUR  SWDA  LT 2012Q3 7633.2  884.0 142.2 3243.7  936.2 124.6 52.2 -17.6                    69.8 4319.7      56.59094
39  CP_MEUR  SWDA  LV 2012Q3 4929.7  595.7   2.0 2189.2  656.3  71.9 60.6  69.9                    -9.3 2749.8      55.78027
40  CP_MEUR  SWDA  EE 2012Q2 3908.6  577.4  28.0 2014.7  606.0  79.0 28.6  51.0                   -22.4 1916.3      49.02778
41  CP_MEUR  SWDA  LT 2012Q2 7423.1  891.5  87.9 3196.0  941.3 126.4 49.8  38.5                    11.3 4215.8      56.79298
42  CP_MEUR  SWDA  LV 2012Q2 4838.9  591.4   2.2 2134.1  657.4 138.7 66.0 136.5                   -70.5 2775.3      57.35394
43  CP_MEUR  SWDA  EE 2012Q1 3830.6  574.5  26.3 1979.0  587.7  78.3 13.2  52.0                   -38.8 1890.4      49.34997
44  CP_MEUR  SWDA  LT 2012Q1 7280.9  913.7  79.3 3217.6  946.1 115.9 32.4  36.6                    -4.2 4067.5      55.86535
45  CP_MEUR  SWDA  LV 2012Q1 4699.6  601.8   2.5 2070.3  653.4 171.4 51.6 168.9                  -117.3 2746.6      58.44327
46  CP_MEUR  SWDA  EE 2011Q4 3762.8  556.7  25.3 1926.6  599.3  81.9 42.6  56.6                   -14.0 1850.2      49.17083
47  CP_MEUR  SWDA  LT 2011Q4 7202.9  892.6 100.7 3175.0  940.1 114.5 47.5  13.8                    33.7 3994.2      55.45266
48  CP_MEUR  SWDA  LV 2011Q4 4662.1  565.4   2.5 2066.5  626.3  72.2 60.9  69.7                    -8.8 2604.4      55.86324
49  CP_MEUR  SWDA  EE 2011Q3 3694.1  548.4  24.8 1886.6  579.6  80.8 31.2  56.0                   -24.8 1832.3      49.60071
50  CP_MEUR  SWDA  LT 2011Q3 7114.3  902.4 121.9 3121.1  933.0 110.1 30.6 -11.8                    42.4 3950.8      55.53322
51  CP_MEUR  SWDA  LV 2011Q3 4505.7  570.0   2.7 1991.6  620.1  61.8 50.1  59.1                    -9.0 2523.1      55.99796
52  CP_MEUR  SWDA  EE 2011Q2 3617.1  518.9  24.1 1843.5  548.3  79.1 29.4  55.0                   -25.6 1799.2      49.74151
53  CP_MEUR  SWDA  LT 2011Q2 7042.5  868.3  58.9 3025.7  919.8 106.7 51.5  47.8                     3.7 4013.1      56.98403
54  CP_MEUR  SWDA  LV 2011Q2 4422.9  530.3   3.0 1980.5  573.2 114.5 42.9 111.5                   -68.6 2511.0      56.77271
55  CP_MEUR  SWDA  EE 2011Q1 3518.1  513.5  26.1 1800.0  532.1  80.1 18.6  54.0                   -35.4 1753.5      49.84224
56  CP_MEUR  SWDA  LT 2011Q1 6809.1  841.2 105.4 2977.1  903.5 109.9 62.3   4.5                    57.8 3774.2      55.42876
57  CP_MEUR  SWDA  LV 2011Q1 4312.7  475.1   3.4 1886.8  535.2 126.7 60.1 123.3                   -63.2 2489.1      57.71558
58  CP_MEUR  SWDA  EE 2010Q4 3392.5  509.5  24.3 1760.7  550.0  82.6 40.5  58.3                   -17.8 1649.6      48.62491
59  CP_MEUR  SWDA  LT 2010Q4 6471.3  850.0 112.1 2875.5  886.8 106.0 36.8  -6.1                    42.9 3552.9      54.90242
60  CP_MEUR  SWDA  LV 2010Q4 4088.5  471.1   7.7 1938.5  526.4  95.1 55.3  87.4                   -32.1 2182.1      53.37165
61  CP_MEUR  SWDA  EE 2010Q3 3271.5  488.2  21.7 1747.1  515.2  80.5 27.0  58.8                   -31.8 1556.2      47.56839
62  CP_MEUR  SWDA  LT 2010Q3 6337.6  794.8 124.5 2876.6  856.9 107.6 62.1 -16.9                    79.0 3382.0      53.36405
63  CP_MEUR  SWDA  LV 2010Q3 3973.2  484.2   9.5 1882.5  527.8  67.8 43.6  58.3                   -14.7 2105.4      52.99003
64  CP_MEUR  SWDA  EE 2010Q2 3150.3  461.4  23.5 1738.1  488.2  73.0 26.8  49.5                   -22.7 1434.9      45.54804
65  CP_MEUR  SWDA  LT 2010Q2 6226.5  765.4  48.6 2841.4  829.8 113.1 64.4  64.5                    -0.1 3385.2      54.36762
66  CP_MEUR  SWDA  LV 2010Q2 3896.6  477.7  10.8 1853.4  513.7 120.1 36.0 109.3                   -73.3 2116.5      54.31658
67  CP_MEUR  SWDA  EE 2010Q1 3053.3  468.3  23.6 1714.4  483.6  69.0 15.3  45.4                   -30.1 1369.0      44.83673
68  CP_MEUR  SWDA  LT 2010Q1 6178.2  784.4  89.4 2867.1  811.4 107.6 27.0  18.2                     8.8 3302.3      53.45084
69  CP_MEUR  SWDA  LV 2010Q1 3894.4  484.4  11.7 1818.1  515.5 123.6 31.1 111.9                   -80.8 2157.1      55.38979
70  CP_MEUR  SWDA  EE 2009Q4 3008.0  551.6  22.3 1690.7  589.9  64.1 38.3  41.8                    -3.5 1320.8      43.90957
71  CP_MEUR  SWDA  LT 2009Q4 5856.7  734.8 135.1 2816.9  795.6 127.0 60.8  -8.1                    68.9 2970.9      50.72652
72  CP_MEUR  SWDA  LV 2009Q4 3989.1  443.2  15.5 1845.1  480.9  84.6 37.7  69.1                   -31.4 2175.4      54.53360
73  CP_MEUR  SWDA  EE 2009Q3 3011.5  463.0  25.6 1753.3  489.2  60.0 26.2  34.4                    -8.2 1266.4      42.05213
74  CP_MEUR  SWDA  LT 2009Q3 5896.6  762.0 111.6 2933.6  795.2 114.9 33.2   3.3                    29.9 2933.1      49.74222
75  CP_MEUR  SWDA  LV 2009Q3 4035.7  461.9  18.4 2033.8  496.6  83.3 34.7  64.9                   -30.2 2032.1      50.35310
76  CP_MEUR  SWDA  EE 2009Q2 3084.8  476.1  25.9 1810.6  503.5  59.7 27.4  33.8                    -6.4 1280.6      41.51323
77  CP_MEUR  SWDA  LT 2009Q2 6179.7  756.3  42.7 3032.4  795.9  94.6 39.6  51.9                   -12.3 3159.6      51.12870
78  CP_MEUR  SWDA  LV 2009Q2 4306.6  496.2  20.5 2229.1  527.4 166.3 31.2 145.8                  -114.6 2192.1      50.90094
79  CP_MEUR  SWDA  EE 2009Q1 3191.5  475.4  25.9 1901.0  493.8  63.6 18.4  37.7                   -19.3 1309.8      41.04026
80  CP_MEUR  SWDA  LT 2009Q1 6390.9  745.3  72.3 3198.5  793.1 100.3 47.8  28.0                    19.8 3172.6      49.64246
81  CP_MEUR  SWDA  LV 2009Q1 4595.9  507.7  24.0 2446.8  544.8  85.7 37.1  61.7                   -24.6 2173.7      47.29650
82  CP_MEUR  SWDA  EE 2008Q4 3609.7  445.3  23.9 2026.1  476.5  62.2 31.2  38.3                    -7.1 1590.7      44.06737
83  CP_MEUR  SWDA  LT 2008Q4 7089.0  952.1  54.0 3623.2  982.3  80.3 30.2  26.3                     3.9 3461.9      48.83481
84  CP_MEUR  SWDA  LV 2008Q4 5273.1  526.7  24.3 2833.2  562.5 104.8 35.8  80.5                   -44.7 2484.6      47.11839
85  CP_MEUR  SWDA  EE 2008Q3 3702.7  481.5  24.1 2083.8  512.6  62.7 31.1  38.6                    -7.5 1626.4      43.92470
86  CP_MEUR  SWDA  LT 2008Q3 7456.1  907.1  70.9 3691.3  972.7 108.3 65.6  37.4                    28.2 3736.6      50.11467
87  CP_MEUR  SWDA  LV 2008Q3 5525.7  634.5  14.1 2940.1  671.6 124.6 37.1 110.5                   -73.4 2659.0      48.12060
88  CP_MEUR  SWDA  EE 2008Q2 3740.1  518.3  24.2 2085.3  555.6  64.2 37.3  40.0                    -2.7 1657.5      44.31700
89  CP_MEUR  SWDA  LT 2008Q2 7534.6  917.7 103.8 3565.1  962.8 125.0 45.1  21.2                    23.9 3945.6      52.36642
90  CP_MEUR  SWDA  LV 2008Q2 5555.6  640.8  15.3 2871.0  686.4 132.8 45.6 117.5                   -71.9 2756.5      49.61660
91  CP_MEUR  SWDA  EE 2008Q1 3697.0  449.8  23.5 2052.1  479.3  60.5 29.5  37.0                    -7.5 1652.4      44.69570
92  CP_MEUR  SWDA  LT 2008Q1 7202.5  916.2 125.4 3464.2  949.4 136.3 33.2  10.9                    22.3 3716.0      51.59320
93  CP_MEUR  SWDA  LV 2008Q1 5479.3  665.5  17.1 2828.6  690.7 123.6 25.2 106.5                   -81.3 2732.0      49.86038
94  CP_MEUR  SWDA  EE 2007Q4 3703.2  584.0  20.3 1967.1  624.8  54.5 40.8  34.2                     6.6 1729.5      46.70285
95  CP_MEUR  SWDA  LT 2007Q4 6937.5  896.6 157.7 3425.1  926.1 131.7 29.5 -26.0                    55.5 3456.9      49.82919
96  CP_MEUR  SWDA  LV 2007Q4 5341.6  661.0  16.5 2718.8  697.8  58.5 36.8  42.0                    -5.2 2628.0      49.19874
97  CP_MEUR  SWDA  EE 2007Q3 3640.8  495.7  20.9 1868.6  529.5  56.4 33.8  35.5                    -1.7 1773.9      48.72281
98  CP_MEUR  SWDA  LT 2007Q3 6685.3  820.7  14.5 3132.3  886.3 105.5 65.6  91.0                   -25.4 3578.4      53.52639
99  CP_MEUR  SWDA  LV 2007Q3 5225.5  666.1  15.1 2564.2  704.4  57.7 38.3  42.6                    -4.3 2665.6      51.01139
100 CP_MEUR  SWDA  EE 2007Q2 3509.0  484.6  22.0 1802.9  520.1  55.7 35.5  33.7                     1.8 1704.3      48.56939
101 CP_MEUR  SWDA  LT 2007Q2 6365.3  797.1  68.7 2970.4  843.8 115.5 46.7  46.8                    -0.1 3395.0      53.33606
102 CP_MEUR  SWDA  LV 2007Q2 4918.8  637.4  16.4 2400.1  675.4 113.8 38.0  97.4                   -59.4 2578.1      52.41319
103 CP_MEUR  SWDA  EE 2007Q1 3375.6  501.7  21.7 1719.7  524.4  52.2 22.7  30.5                    -7.8 1663.7      49.28605
104 CP_MEUR  SWDA  LT 2007Q1 6104.4  753.3  60.4 2803.4  799.2  88.2 45.9  27.8                    18.1 3282.9      53.77924
105 CP_MEUR  SWDA  LV 2007Q1 4601.8  593.5   6.1 2230.7  631.8  89.5 38.3  83.4                   -45.1 2416.2      52.50554
106 CP_MEUR  SWDA  EE 2006Q4 3197.0  460.0  30.0 1616.6  479.9  55.4 19.9  25.4                    -5.5 1585.9      49.60588
107 CP_MEUR  SWDA  LT 2006Q4 5866.6  697.8 166.9 2784.2  750.6 107.3 52.8 -59.6                   112.4 2970.0      50.62558
108 CP_MEUR  SWDA  LV 2006Q4 4187.3  579.4  36.9 1995.5  609.6  95.8 30.2  58.9                   -28.7 2220.5      53.02940
109 CP_MEUR  SWDA  EE 2006Q3 3025.3  440.0  23.6 1510.0  458.6  47.5 18.6  23.9                    -5.3 1520.6      50.26278
110 CP_MEUR  SWDA  LT 2006Q3 5569.2  685.1  15.2 2682.0  710.8  99.1 25.7  83.9                   -58.2 2945.4      52.88731
111 CP_MEUR  SWDA  LV 2006Q3 3919.1  529.8   7.0 1825.9  562.5  11.5 32.7   4.5                    28.2 2065.0      52.69067
112 CP_MEUR  SWDA  EE 2006Q2 2890.8  417.9  19.4 1427.2  437.6  39.4 19.7  20.0                    -0.3 1463.9      50.63996
113 CP_MEUR  SWDA  LT 2006Q2 5199.0  647.2  11.4 2455.6  673.5  88.9 26.3  77.5                   -51.2 2794.6      53.75264
114 CP_MEUR  SWDA  LV 2006Q2 3660.8  488.7  13.2 1696.5  515.7  36.9 27.0  23.7                     3.3 1961.0      53.56753
115 CP_MEUR  SWDA  EE 2006Q1 2769.9  402.2  20.4 1362.7  417.1  44.8 14.9  24.4                    -9.5 1416.7      51.14625
116 CP_MEUR  SWDA  LT 2006Q1 5117.5  584.2  73.6 2362.6  641.0  98.8 56.8  25.2                    31.6 2723.3      53.21544
117 CP_MEUR  SWDA  LV 2006Q1 3430.8  457.5  12.3 1586.8  490.8 100.1 33.3  87.8                   -54.5 1898.5      55.33695
118 CP_MEUR  SWDA  EE 2005Q4 2653.9  349.1  19.0 1315.8  372.8  38.1 23.7  19.1                     4.6 1333.5      50.24681
119 CP_MEUR  SWDA  LT 2005Q4 5080.9  582.8 105.6 2268.7  621.6  93.9 38.8 -11.7                    50.5 2761.7      54.35454
120 CP_MEUR  SWDA  LV 2005Q4 3319.7  449.8  15.4 1487.6  477.0  42.9 27.2  27.5                    -0.3 1832.4      55.19776
121 CP_MEUR  SWDA  EE 2005Q3 2539.9  329.1  17.9 1258.7  351.3  36.3 22.2  18.4                     3.8 1277.4      50.29332
122 CP_MEUR  SWDA  LT 2005Q3 4822.6  579.0  29.9 2148.5  609.5  88.9 30.5  59.0                   -28.5 2702.6      56.04031
123 CP_MEUR  SWDA  LV 2005Q3 3126.0  397.7  16.1 1407.6  429.2  22.5 31.5   6.4                    25.1 1693.3      54.16827
124 CP_MEUR  SWDA  EE 2005Q2 2433.6  362.2  19.1 1200.4  385.3  43.7 23.1  24.6                    -1.5 1234.7      50.73554
125 CP_MEUR  SWDA  LT 2005Q2 4622.1  565.9  33.2 2092.2  597.3  97.8 31.4  64.6                   -33.2 2563.1      55.45315
126 CP_MEUR  SWDA  LV 2005Q2 2899.0  380.2  13.9 1328.1  403.0  72.6 22.8  58.7                   -35.9 1606.8      55.42601
127 CP_MEUR  SWDA  EE 2005Q1 2332.4  314.4  19.5 1156.3  331.0  33.8 16.6  14.3                     2.3 1173.8      50.32584
128 CP_MEUR  SWDA  LT 2005Q1 4493.3  537.6 102.4 2010.2  575.8 102.0 38.2  -0.4                    38.6 2444.5      54.40322
129 CP_MEUR  SWDA  LV 2005Q1 2778.2  349.2  15.4 1274.1  380.6  52.1 31.4  36.7                    -5.3 1509.4      54.33014
130 CP_MEUR  SWDA  EE 2004Q4 2239.7  298.4  20.8 1114.4  316.2  34.9 17.8  14.1                     3.7 1121.6      50.07814
131 CP_MEUR  SWDA  LT 2004Q4 4366.7  506.8  82.5 1922.2  546.9  83.7 40.1   1.2                    38.9 2405.6      55.08966
132 CP_MEUR  SWDA  LV 2004Q4 2686.4  338.1  14.9 1157.0  366.7  52.4 28.6  37.5                    -8.9 1538.3      57.26251
133 CP_MEUR  SWDA  EE 2004Q3 2179.8  286.2  18.6 1083.6  303.6  33.1 17.4  14.5                     2.9 1093.3      50.15598
134 CP_MEUR  SWDA  LT 2004Q3 4148.6  501.6  50.9 1852.0  518.3  72.1 16.7  21.2                    -4.5 2301.1      55.46690
135 CP_MEUR  SWDA  LV 2004Q3 2665.3  323.9  10.8 1136.7  355.0  10.1 31.1  -0.7                    31.8 1496.8      56.15878
136 CP_MEUR  SWDA  EE 2004Q2 2112.0  237.3  17.5 1049.3  254.9  35.8 17.6  18.3                    -0.7 1063.4      50.35038
137 CP_MEUR  SWDA  LT 2004Q2 4069.3  452.3  35.7 1807.4  495.5  53.8 43.2  18.1                    25.1 2236.8      54.96768
138 CP_MEUR  SWDA  LV 2004Q2 2595.7  290.0  14.0 1108.4  308.7  21.8 18.7   7.8                    10.9 1476.4      56.87868
139 CP_MEUR  SWDA  EE 2004Q1 2071.7  369.2  19.5 1031.1  381.4  31.1 12.2  11.6                     0.6 1040.0      50.20032
140 CP_MEUR  SWDA  LT 2004Q1 3880.9  463.4  20.8 1725.7  488.4  39.4 25.0  18.6                     6.4 2148.8      55.36860
141 CP_MEUR  SWDA  LV 2004Q1 2443.7  296.5  24.9 1050.4  326.5  16.6 30.0  -8.3                    38.3 1355.0      55.44870
142 CP_MEUR  SWDA  EE 2003Q4 2030.7  222.9  16.0 1004.0  238.6  18.4 15.7   2.4                    13.3 1013.4      49.90397
143 CP_MEUR  SWDA  LT 2003Q4 3832.0  474.7  27.6 1654.7  491.1  31.4 16.4   3.8                    12.6 2164.7      56.49008
144 CP_MEUR  SWDA  LV 2003Q4 2391.3  290.6   9.5 1031.1  316.0  31.1 25.4  21.6                     3.8 1356.4      56.72228
145 CP_MEUR  SWDA  EE 2003Q3 1963.0  252.9  16.1  978.3  270.6  18.4 17.7   2.3                    15.4  969.3      49.37850
146 CP_MEUR  SWDA  LT 2003Q3 3756.3  460.2  31.2 1621.3  490.8  33.9 30.6   2.7                    27.9 2107.1      56.09509
147 CP_MEUR  SWDA  LV 2003Q3 2385.7  287.6  11.2 1017.8  319.6  24.4 32.0  13.2                    18.8 1349.1      56.54944
148 CP_MEUR  SWDA  EE 2003Q2 1918.6  259.3  15.3  955.5  276.8  18.0 17.5   2.7                    14.8  948.3      49.42667
149 CP_MEUR  SWDA  LT 2003Q2 3673.2  455.8  26.9 1609.5  486.7  31.7 30.9   4.8                    26.1 2037.6      55.47207
150 CP_MEUR  SWDA  LV 2003Q2 2288.1  271.1   8.7  984.3  296.4  18.2 25.3   9.5                    15.8 1288.0      56.29125
151 CP_MEUR  SWDA  EE 2003Q1 1866.5  269.8  15.7  923.3  284.6  19.3 14.8   3.6                    11.2  932.0      49.93303
152 CP_MEUR  SWDA  LT 2003Q1 3670.7  449.7  22.1 1547.5  481.7  29.6 32.0   7.5                    24.5 2098.7      57.17438
153 CP_MEUR  SWDA  LV 2003Q1 2299.3  264.3   8.9  971.2  294.4   9.3 30.1   0.4                    29.7 1298.4      56.46936
154 CP_MEUR  SWDA  EE 2002Q4 1806.2  221.3  14.8  899.5  236.8  19.0 15.5   4.2                    11.3  895.4      49.57369
155 CP_MEUR  SWDA  LT 2002Q4 3466.8  461.5  37.8 1496.4  479.0  34.8 17.5  -3.0                    20.5 1949.9      56.24495
156 CP_MEUR  SWDA  LV 2002Q4 2309.6  268.7   8.0  976.7  294.2  32.1 25.5  24.1                     1.4 1331.5      57.65068
157 CP_MEUR  SWDA  EE 2002Q3 1758.1  225.1  14.9  872.6  242.9  19.0 17.8   4.1                    13.7  871.8      49.58762
158 CP_MEUR  SWDA  LT 2002Q3 3430.4  439.1  20.6 1469.9  476.8  26.8 37.7   6.2                    31.5 1929.0      56.23251
159 CP_MEUR  SWDA  LV 2002Q3 2263.4  246.0   7.7  952.4  273.2  18.2 27.2  10.5                    16.7 1294.3      57.18388
160 CP_MEUR  SWDA  EE 2002Q2 1701.1  231.2  14.6  846.9  249.3  18.2 18.1   3.6                    14.5  839.7      49.36218
161 CP_MEUR  SWDA  LT 2002Q2 3372.1  447.3  19.8 1419.0  472.8  29.1 25.5   9.3                    16.2 1936.9      57.43898
162 CP_MEUR  SWDA  LV 2002Q2 2296.5  255.9   7.5  971.7  280.4  12.7 24.5   5.2                    19.3 1305.5      56.84738
163 CP_MEUR  SWDA  EE 2002Q1 1648.3  240.9  15.0  818.8  254.6  20.0 13.7   5.0                     8.7  820.8      49.79676
164 CP_MEUR  SWDA  LT 2002Q1 3233.6  429.9  23.3 1409.8  457.2  27.2 27.3   3.9                    23.4 1800.4      55.67788
165 CP_MEUR  SWDA  LV 2002Q1 2257.7  255.5   7.5  973.3  283.1   9.1 27.6   1.6                    26.0 1258.4      55.73814
166 CP_MEUR  SWDA  EE 2001Q4 1619.2  202.7  14.4  800.3  217.3  17.5 14.6   3.1                    11.5  807.4      49.86413
167 CP_MEUR  SWDA  LT 2001Q4 3089.4  402.5   7.6 1308.8  425.1  25.3 22.6  17.7                     4.9 1775.7      57.47718
168 CP_MEUR  SWDA  LV 2001Q4 2208.2  238.9   7.4  966.4  275.1  18.1 36.2  10.7                    25.5 1216.3      55.08106
169 CP_MEUR  SWDA  EE 2001Q3 1577.7  208.6  15.8  784.0  225.3  19.0 16.7   3.2                    13.5  780.2      49.45173
170 CP_MEUR  SWDA  LT 2001Q3 3063.3  391.5  26.4 1296.3  411.7  31.2 20.2   4.8                    15.4 1751.6      57.18017
171 CP_MEUR  SWDA  LV 2001Q3 2109.6  249.5   7.5  960.5  281.8  18.5 32.3  11.0                    21.3 1127.8      53.46037
172 CP_MEUR  SWDA  EE 2001Q2 1527.2  203.5  15.1  769.8  221.2  17.4 17.7   2.3                    15.4  742.0      48.58565
173 CP_MEUR  SWDA  LT 2001Q2 3112.0  389.7   8.7 1326.2  410.8  26.4 21.1  17.7                     3.4 1782.4      57.27506
174 CP_MEUR  SWDA  LV 2001Q2 2108.8  256.7   7.7  933.2  292.5  12.8 35.8   5.1                    30.7 1144.9      54.29154
175 CP_MEUR  SWDA  EE 2001Q1 1490.5  189.8  14.7  749.2  204.1  18.0 14.3   3.3                    11.0  730.3      48.99698
176 CP_MEUR  SWDA  LT 2001Q1 2920.9  394.3  29.9 1239.4  424.5  29.8 30.2  -0.1                    30.3 1651.2      56.53052
177 CP_MEUR  SWDA  LV 2001Q1 1964.7  223.5   7.7  896.5  263.6  12.4 40.1   4.7                    35.4 1032.8      52.56782
178 CP_MEUR  SWDA  EE 2000Q4 1450.5  192.0  15.1  726.0  203.0  17.9 11.0   2.8                     8.2  716.3      49.38297
179 CP_MEUR  SWDA  LT 2000Q4 3017.3  395.3  23.6 1306.7  411.2  27.0 15.9   3.4                    12.5 1698.1      56.27879
180 CP_MEUR  SWDA  LV 2000Q4 2032.9  241.2   9.3  941.5  272.9  24.8 31.7  15.5                    16.2 1075.2      52.88996
181 CP_MEUR  SWDA  EE 2000Q3 1387.9  184.1  13.9  703.6  199.2  16.5 15.1   2.6                    12.5  671.8      48.40406
182 CP_MEUR  SWDA  LT 2000Q3 2819.4  367.5  24.5 1234.7  393.1  25.1 25.6   0.6                    25.0 1559.7      55.32028
183 CP_MEUR  SWDA  LV 2000Q3 1980.6  243.1   9.5  905.0  271.4  24.2 28.3  14.7                    13.6 1062.0      53.62012
184 CP_MEUR  SWDA  EE 2000Q2 1350.1  167.5  13.8  684.5  182.7  16.4 15.2   2.6                    12.6  653.0      48.36679
185 CP_MEUR  SWDA  LT 2000Q2 2725.0  368.2  26.7 1203.5  383.9  26.7 15.7   0.0                    15.7 1505.8      55.25872
186 CP_MEUR  SWDA  LV 2000Q2 1884.3  236.4   9.6  879.6  265.0  20.2 28.6  10.6                    18.0  986.7      52.36427
187 CP_MEUR  SWDA  EE 2000Q1 1306.6  170.5  13.9  672.4  182.6  16.7 12.1   2.8                     9.3  624.9      47.82642
188 CP_MEUR  SWDA  LT 2000Q1 2558.0  354.0  20.9 1150.0  367.6  22.8 13.6   1.9                    11.7 1396.3      54.58561
189 CP_MEUR  SWDA  LV 2000Q1 1766.5  223.2   9.4  831.6  255.9  16.0 32.7   6.6                    26.1  908.8      51.44636
190 CP_MEUR  SWDA  EE 1999Q4 1249.5  155.0  13.9  642.7  164.4  16.6  9.4   2.7                     6.7  600.1      48.02721
191 CP_MEUR  SWDA  LT 1999Q4 2330.1  323.8  25.3 1102.6  355.1  25.5 31.3   0.2                    31.1 1196.4      51.34544
192 CP_MEUR  SWDA  LV 1999Q4 1650.6  215.0   9.2  793.7  251.2  27.4 36.2  18.2                    18.0  838.9      50.82394
193 CP_MEUR  SWDA  EE 1999Q3 1220.3  151.0  12.3  624.0  163.0  14.6 12.0   2.3                     9.7  586.6      48.07015
194 CP_MEUR  SWDA  LT 1999Q3 2264.9  356.7  18.9 1116.4  361.6  24.6  4.9   5.7                    -0.8 1149.3      50.74396
195 CP_MEUR  SWDA  LV 1999Q3 1595.5  202.9   8.9  761.2  237.2  23.0 34.3  14.1                    20.2  814.1      51.02476
196 CP_MEUR  SWDA  EE 1999Q2 1195.2  149.9  13.4  613.2  160.8  16.3 10.9   2.9                     8.0  574.0      48.02544
197 CP_MEUR  SWDA  LT 1999Q2 2319.9  345.8  23.6 1131.4  362.1  27.1 16.3   3.5                    12.8 1175.7      50.67891
198 CP_MEUR  SWDA  LV 1999Q2 1539.1  194.6   8.6  744.8  232.0  23.0 37.4  14.4                    23.0  771.3      50.11370
199 CP_MEUR  SWDA  EE 1999Q1 1164.9  133.1  12.1  598.6  140.9  15.5  7.8   3.4                     4.4  561.9      48.23590
200 CP_MEUR  SWDA  LT 1999Q1 2135.4  314.9  26.0 1059.3  340.6  27.2 25.7   1.2                    24.5 1051.6      49.24604
201 CP_MEUR  SWDA  LV 1999Q1 1483.0  181.7   8.0  709.2  220.7  22.3 39.0  14.3                    24.7  749.1      50.51247
202 CP_MEUR  SWDA  EE 1998Q4 1146.8  142.9  13.0  609.2  150.9  18.7  8.0   5.7                     2.3  535.3      46.67771
203 CP_MEUR  SWDA  LT 1998Q4 2112.7  315.2  24.0 1028.8  327.2  25.1 12.0   1.1                    10.9 1073.0      50.78809
204 CP_MEUR  SWDA  LV 1998Q4 1413.0  184.1   7.1  666.0  212.8  13.2 28.7   6.1                    22.6  724.4      51.26681
205 CP_MEUR  SWDA  EE 1998Q3 1126.3  145.3  11.3  604.0  155.1  18.3  9.8   7.0                     2.8  519.5      46.12448
206 CP_MEUR  SWDA  LT 1998Q3 2228.9  329.6  19.8 1077.6  347.3  29.9 17.7  10.1                     7.6 1143.7      51.31231
207 CP_MEUR  SWDA  LV 1998Q3 1412.6  196.1   6.8  675.4  224.1  26.5 28.0  19.7                     8.3  728.9      51.59989
208 CP_MEUR  SWDA  EE 1998Q2 1105.3  154.0  10.5  586.8  163.1  17.4  9.1   6.9                     2.2  516.3      46.71130
209 CP_MEUR  SWDA  LT 1998Q2 2233.8  333.9  19.9 1047.1  355.9  24.3 22.0   4.4                    17.6 1169.1      52.33683
210 CP_MEUR  SWDA  LV 1998Q2 1414.3  191.2   6.4  666.5  226.1  19.1 34.9  12.7                    22.2  725.6      51.30453
211 CP_MEUR  SWDA  EE 1998Q1 1088.7  151.5   6.5  575.7  156.3  13.4  4.8   6.9                    -2.1  515.1      47.31331
212 CP_MEUR  SWDA  LT 1998Q1 2220.4  346.9  20.1 1010.8  361.2  23.2 14.3   3.1                    11.2 1198.4      53.97226
213 CP_MEUR  SWDA  LV 1998Q1 1402.9  206.5   6.0  657.0  249.8  10.2 43.3   4.2                    39.1  706.8      50.38135
214 CP_MEUR  SWDA  EE 1997Q4 1056.1  153.2   5.9  572.0  158.8   8.4  5.6   2.5                     3.1  481.0      45.54493
215 CP_MEUR  SWDA  LT 1997Q4 2087.5  322.3  12.8  932.5  339.6  22.2 17.3   9.4                     7.9 1147.1      54.95090
216 CP_MEUR  SWDA  LV 1997Q4 1371.9  178.9   5.2  651.8  199.5  10.7 20.6   5.5                    15.1  705.0      51.38859
217 CP_MEUR  SWDA  EE 1997Q3 1003.3  151.4   5.8  546.0  160.9   8.5  9.5   2.7                     6.8  450.5      44.90182
218 CP_MEUR  SWDA  LT 1997Q3 2048.4  299.0   2.4  915.3  329.0  15.6 30.0  13.2                    16.8 1116.3      54.49619
219 CP_MEUR  SWDA  LV 1997Q3 1320.5  171.3   5.0  641.0  197.8  21.9 26.5  16.9                     9.6  669.9      50.73078
220 CP_MEUR  SWDA  EE 1997Q2  954.2  144.2   5.8  524.7  151.2   8.0  7.0   2.2                     4.8  424.7      44.50849
221 CP_MEUR  SWDA  LT 1997Q2 1892.9  286.1  18.8  833.2  292.2  18.6  6.1  -0.2                     6.3 1053.4      55.65006
222 CP_MEUR  SWDA  LV 1997Q2 1237.8  161.6   4.4  597.1  188.6  15.0 27.0  10.6                    16.4  624.3      50.43626
223 CP_MEUR  SWDA  EE 1997Q1  903.5  131.9   6.9  505.8  134.7   9.2  2.8   2.3                     0.5  397.2      43.96237
224 CP_MEUR  SWDA  LT 1997Q1 1794.9  245.9  13.5  767.6  256.5  17.8 10.6   4.3                     6.3 1021.0      56.88339
225 CP_MEUR  SWDA  LV 1997Q1 1157.2  149.1   4.0  567.3  183.2   7.8 34.1   3.8                    30.3  559.6      48.35811
226 CP_MEUR  SWDA  EE 1996Q4  874.4  128.3   5.9  481.4  133.4   7.9  5.1   2.0                     3.1  389.9      44.59058
227 CP_MEUR  SWDA  LT 1996Q4 1587.0  201.5   7.2  679.0  214.7  15.9 13.2   8.7                     4.5  903.5      56.93132
228 CP_MEUR  SWDA  LV 1996Q4 1084.7  166.0   1.5  571.6  177.8   6.9 11.8   5.4                     6.4  506.7      46.71338
229 CP_MEUR  SWDA  EE 1996Q3  846.5  130.4   6.4  474.2  138.4   8.3  8.0   1.9                     6.1  366.2      43.26048
230 CP_MEUR  SWDA  LT 1996Q3 1534.8  190.8  17.6  650.0  194.1  26.0  3.3   8.4                    -5.1  889.9      57.98150
231 CP_MEUR  SWDA  LV 1996Q3 1059.9  120.5   1.4  524.7  133.5  13.7 13.0  12.3                     0.7  534.5      50.42929
232 CP_MEUR  SWDA  EE 1996Q2  799.9  111.2   5.7  456.5  116.6   7.7  5.4   2.0                     3.4  340.0      42.50531
233 CP_MEUR  SWDA  LT 1996Q2 1451.2  172.0  23.7  612.6  182.8  19.7 10.8  -4.0                    14.8  823.8      56.76681
234 CP_MEUR  SWDA  LV 1996Q2 1024.5  123.4   1.3  510.2  140.1   9.8 16.7   8.5                     8.2  506.1      49.39971
235 CP_MEUR  SWDA  EE 1996Q1  755.0  100.1   5.6  435.4  102.4   7.3  2.3   1.7                     0.6  319.0      42.25166
236 CP_MEUR  SWDA  LT 1996Q1 1362.8  161.0  11.4  568.5  169.9  18.2  8.9   6.8                     2.1  792.2      58.13032
237 CP_MEUR  SWDA  LV 1996Q1  972.2  114.8   1.2  477.4  133.4   5.1 18.6   3.9                    14.7  480.1      49.38284
238 CP_MEUR  SWDA  EE 1995Q4  704.5   99.1   4.8  408.9  102.4   6.1  3.3   1.3                     2.0  293.6      41.67495
239 CP_MEUR  SWDA  LT 1995Q4 1255.9  160.7  16.3  527.9  161.8  16.1  1.1  -0.2                     1.3  726.7      57.86289
240 CP_MEUR  SWDA  LV 1995Q4  923.0  115.2   1.1  434.1  130.1   8.2 14.9   7.1                     7.8  481.1      52.12351
241 CP_MEUR  SWDA  EE 1995Q3  656.9   87.3   5.2  383.6   92.3   6.0  5.0   0.8                     4.2  269.1      40.96514
242 CP_MEUR  SWDA  LT 1995Q3 1182.2  153.4   2.5  487.0  157.4  11.3  4.0   8.8                    -4.8  700.0      59.21164
243 CP_MEUR  SWDA  LV 1995Q3  911.5  119.0   1.1  423.6  134.5  15.3 15.5  14.2                     1.3  486.6      53.38453
244 CP_MEUR  SWDA  EE 1995Q2  623.6   84.0   4.7  370.3   87.8   5.8  3.8   1.1                     2.7  250.6      40.18602
245 CP_MEUR  SWDA  LT 1995Q2 1080.2  142.3  14.9  456.1  149.0  12.1  6.7  -2.8                     9.5  614.6      56.89687
246 CP_MEUR  SWDA  LV 1995Q2  916.8  115.2   1.1  423.7  134.6  13.8 19.4  12.7                     6.7  486.4      53.05410
247 CP_MEUR  SWDA  EE 1995Q1  576.2   90.1   4.7  347.6   91.8   5.5  1.7   0.8                     0.9  227.7      39.51753
248 CP_MEUR  SWDA  LT 1995Q1 1053.5  136.4  12.3  442.0  148.9  11.9 12.5  -0.4                    12.9  598.6      56.82012
249 CP_MEUR  SWDA  LV 1995Q1  906.3  117.4   1.1  413.6  139.4   7.5 22.0   6.4                    15.6  477.1      52.64261
 [1] "unit"                    "s_adj"                   "geo"                     "time"                   
 [5] "B1G"                     "D21"                     "D31"                     "D1"                     
 [9] "D2"                      "D3"                      "D29"                     "D39"                    
[13] "net_taxes_on_production" "B2G"                     "B2G_ratio_CEE"          
        unit s_adj geo time    B1G    D21   D31     D1     D2    D3  D29   D39 net_taxes_on_production    B2G B2G_ratio_CEE
1995 Q1   12     3  13   NA 4432.8  695.5  13.6 2487.5  725.7  64.7 30.2  51.1                   -20.9 1966.2      44.35571
1995 Q2   12     3  24   NA 8338.9 1064.7  69.4 3814.9 1123.8 104.9 59.1  35.5                    23.6 4500.4      53.96875
1995 Q3   12     3  26   NA 5444.8  720.7   1.9 2654.9  792.7  31.4 72.0  29.5                    42.5 2747.4      50.45915
1995 Q4   12     3  13   NA 4412.4  718.8  13.7 2418.3  748.2  71.6 29.4  57.9                   -28.5 2022.6      45.83900
1996 Q1   12     3  24   NA 8284.5 1050.3  72.2 3807.4 1115.9 141.2 65.6  69.0                    -3.4 4480.5      54.08293
1996 Q2   12     3  26   NA 5394.8  699.0   2.0 2640.9  776.9  96.3 77.9  94.3                   -16.4 2770.3      51.35130
1996 Q3   12     3  13   NA 4397.1  689.8  14.1 2391.4  701.8  70.7 12.0  56.6                   -44.6 2050.3      46.62846
1996 Q4   12     3  24   NA 8159.7 1040.2  96.5 3691.4 1095.7 130.5 55.5  34.0                    21.5 4446.8      54.49710
1997 Q1   12     3  26   NA 5302.3  691.8   2.0 2579.0  772.6 185.8 80.8 183.8                  -103.0 2826.3      53.30328
1997 Q2   12     3  13   NA 4400.5  699.9  13.1 2380.3  745.5  59.9 45.6  46.8                    -1.2 2021.4      45.93569
1997 Q3   12     3  24   NA 8283.9  998.3 132.5 3697.0 1076.0 133.5 77.7   1.0                    76.7 4510.2      54.44537
1997 Q4   12     3  26   NA 5275.6  691.1   1.9 2510.1  764.9  63.5 73.8  61.6                    12.2 2753.3      52.18932
1998 Q1   12     3  13   NA 4371.0  644.7  14.5 2323.6  670.9  63.7 26.2  49.2                   -23.0 2070.4      47.36674
1998 Q2   12     3  24   NA 8288.5 1015.9 158.0 3641.4 1061.5 127.2 45.6 -30.8                    76.4 4570.7      55.14508
1998 Q3   12     3  26   NA 5231.5  676.2   1.9 2478.1  753.1  40.8 76.9  38.9                    38.0 2715.4      51.90481
1998 Q4   12     3  13   NA 4330.3  647.3  14.3 2274.6  671.9  69.4 24.6  55.1                   -30.5 2086.2      48.17680
1999 Q1   12     3  24   NA 8209.3  981.5  49.2 3635.5 1046.9 120.2 65.4  71.0                    -5.6 4579.4      55.78308
1999 Q2   12     3  26   NA 5185.9  672.8   2.0 2438.6  740.4  89.3 67.6  87.3                   -19.7 2767.0      53.35622
1999 Q3   12     3  13   NA 4295.2  640.5  15.3 2236.9  654.0  72.3 13.5  57.0                   -43.5 2101.8      48.93369
1999 Q4   12     3  24   NA 8139.2  990.8 111.6 3518.1 1036.2 123.3 45.4  11.7                    33.7 4587.4      56.36180
2000 Q1   12     3  26   NA 5181.7  650.8   2.1 2429.8  728.8 173.2 78.0 171.1                   -93.1 2845.0      54.90476
2000 Q2   12     3  13   NA 4244.7  627.7  17.8 2210.7  671.6  82.2 43.9  64.4                   -20.5 2054.5      48.40154
2000 Q3   12     3  24   NA 8090.1  966.3 100.7 3501.9 1020.9 120.4 54.6  19.7                    34.9 4553.3      56.28237
2000 Q4   12     3  26   NA 5126.2  650.7   1.1 2373.9  714.2  79.4 63.5  78.3                   -14.8 2767.1      53.97956
2001 Q1   12     3  13   NA 4195.6  614.3  19.0 2186.0  641.5  81.8 27.2  62.8                   -35.6 2045.2      48.74631
2001 Q2   12     3  24   NA 8076.1  941.4 151.8 3476.3 1003.1 124.2 61.7 -27.6                    89.3 4510.5      55.84998
2001 Q3   12     3  26   NA 5085.7  630.2   1.2 2333.9  696.1  68.5 65.9  67.3                    -1.4 2753.2      54.13611
2001 Q4   12     3  13   NA 4137.1  587.0  20.4 2134.4  615.2  75.7 28.2  55.3                   -27.1 2029.8      49.06335
2002 Q1   12     3  24   NA 7819.4  965.0  72.3 3397.7  980.7 126.7 15.7  54.4                   -38.7 4460.4      57.04274
2002 Q2   12     3  26   NA 5018.5  628.4   1.3 2287.2  695.2 144.8 66.8 143.5                   -76.7 2808.0      55.95297
2002 Q3   12     3  13   NA 4096.3  585.8  20.0 2091.6  598.1  77.4 12.3  57.4                   -45.1 2049.8      50.04028
2002 Q4   12     3  24   NA 7698.0  878.0 114.7 3370.3  952.8 125.8 74.8  11.1                    63.7 4264.0      55.39101
2003 Q1   12     3  26   NA 5005.1  626.6   1.5 2219.4  684.1 174.7 57.5 173.2                  -115.7 2901.4      57.96887
2003 Q2   12     3  13   NA 4036.7  585.7  25.8 2060.8  626.2  89.9 40.5  64.1                   -23.6 1999.5      49.53303
2003 Q3   12     3  24   NA 7754.8  896.8 101.0 3323.6  939.7 122.6 42.9  21.6                    21.3 4409.9      56.86671
2003 Q4   12     3  26   NA 4986.7  618.2   1.8 2246.4  679.7  83.2 61.5  81.4                   -19.9 2760.2      55.35123
2004 Q1   12     3  13   NA 3966.6  626.4  25.9 2019.7  651.8  90.3 25.4  64.4                   -39.0 1985.9      50.06555
2004 Q2   12     3  24   NA 7633.2  884.0 142.2 3243.7  936.2 124.6 52.2 -17.6                    69.8 4319.7      56.59094
2004 Q3   12     3  26   NA 4929.7  595.7   2.0 2189.2  656.3  71.9 60.6  69.9                    -9.3 2749.8      55.78027
2004 Q4   12     3  13   NA 3908.6  577.4  28.0 2014.7  606.0  79.0 28.6  51.0                   -22.4 1916.3      49.02778
2005 Q1   12     3  24   NA 7423.1  891.5  87.9 3196.0  941.3 126.4 49.8  38.5                    11.3 4215.8      56.79298
2005 Q2   12     3  26   NA 4838.9  591.4   2.2 2134.1  657.4 138.7 66.0 136.5                   -70.5 2775.3      57.35394
2005 Q3   12     3  13   NA 3830.6  574.5  26.3 1979.0  587.7  78.3 13.2  52.0                   -38.8 1890.4      49.34997
2005 Q4   12     3  24   NA 7280.9  913.7  79.3 3217.6  946.1 115.9 32.4  36.6                    -4.2 4067.5      55.86535
2006 Q1   12     3  26   NA 4699.6  601.8   2.5 2070.3  653.4 171.4 51.6 168.9                  -117.3 2746.6      58.44327
2006 Q2   12     3  13   NA 3762.8  556.7  25.3 1926.6  599.3  81.9 42.6  56.6                   -14.0 1850.2      49.17083
2006 Q3   12     3  24   NA 7202.9  892.6 100.7 3175.0  940.1 114.5 47.5  13.8                    33.7 3994.2      55.45266
2006 Q4   12     3  26   NA 4662.1  565.4   2.5 2066.5  626.3  72.2 60.9  69.7                    -8.8 2604.4      55.86324
2007 Q1   12     3  13   NA 3694.1  548.4  24.8 1886.6  579.6  80.8 31.2  56.0                   -24.8 1832.3      49.60071
2007 Q2   12     3  24   NA 7114.3  902.4 121.9 3121.1  933.0 110.1 30.6 -11.8                    42.4 3950.8      55.53322
2007 Q3   12     3  26   NA 4505.7  570.0   2.7 1991.6  620.1  61.8 50.1  59.1                    -9.0 2523.1      55.99796
2007 Q4   12     3  13   NA 3617.1  518.9  24.1 1843.5  548.3  79.1 29.4  55.0                   -25.6 1799.2      49.74151
2008 Q1   12     3  24   NA 7042.5  868.3  58.9 3025.7  919.8 106.7 51.5  47.8                     3.7 4013.1      56.98403
2008 Q2   12     3  26   NA 4422.9  530.3   3.0 1980.5  573.2 114.5 42.9 111.5                   -68.6 2511.0      56.77271
2008 Q3   12     3  13   NA 3518.1  513.5  26.1 1800.0  532.1  80.1 18.6  54.0                   -35.4 1753.5      49.84224
2008 Q4   12     3  24   NA 6809.1  841.2 105.4 2977.1  903.5 109.9 62.3   4.5                    57.8 3774.2      55.42876
2009 Q1   12     3  26   NA 4312.7  475.1   3.4 1886.8  535.2 126.7 60.1 123.3                   -63.2 2489.1      57.71558
2009 Q2   12     3  13   NA 3392.5  509.5  24.3 1760.7  550.0  82.6 40.5  58.3                   -17.8 1649.6      48.62491
2009 Q3   12     3  24   NA 6471.3  850.0 112.1 2875.5  886.8 106.0 36.8  -6.1                    42.9 3552.9      54.90242
2009 Q4   12     3  26   NA 4088.5  471.1   7.7 1938.5  526.4  95.1 55.3  87.4                   -32.1 2182.1      53.37165
2010 Q1   12     3  13   NA 3271.5  488.2  21.7 1747.1  515.2  80.5 27.0  58.8                   -31.8 1556.2      47.56839
2010 Q2   12     3  24   NA 6337.6  794.8 124.5 2876.6  856.9 107.6 62.1 -16.9                    79.0 3382.0      53.36405
2010 Q3   12     3  26   NA 3973.2  484.2   9.5 1882.5  527.8  67.8 43.6  58.3                   -14.7 2105.4      52.99003
2010 Q4   12     3  13   NA 3150.3  461.4  23.5 1738.1  488.2  73.0 26.8  49.5                   -22.7 1434.9      45.54804
2011 Q1   12     3  24   NA 6226.5  765.4  48.6 2841.4  829.8 113.1 64.4  64.5                    -0.1 3385.2      54.36762
2011 Q2   12     3  26   NA 3896.6  477.7  10.8 1853.4  513.7 120.1 36.0 109.3                   -73.3 2116.5      54.31658
2011 Q3   12     3  13   NA 3053.3  468.3  23.6 1714.4  483.6  69.0 15.3  45.4                   -30.1 1369.0      44.83673
2011 Q4   12     3  24   NA 6178.2  784.4  89.4 2867.1  811.4 107.6 27.0  18.2                     8.8 3302.3      53.45084
2012 Q1   12     3  26   NA 3894.4  484.4  11.7 1818.1  515.5 123.6 31.1 111.9                   -80.8 2157.1      55.38979
2012 Q2   12     3  13   NA 3008.0  551.6  22.3 1690.7  589.9  64.1 38.3  41.8                    -3.5 1320.8      43.90957
2012 Q3   12     3  24   NA 5856.7  734.8 135.1 2816.9  795.6 127.0 60.8  -8.1                    68.9 2970.9      50.72652
2012 Q4   12     3  26   NA 3989.1  443.2  15.5 1845.1  480.9  84.6 37.7  69.1                   -31.4 2175.4      54.53360
2013 Q1   12     3  13   NA 3011.5  463.0  25.6 1753.3  489.2  60.0 26.2  34.4                    -8.2 1266.4      42.05213
2013 Q2   12     3  24   NA 5896.6  762.0 111.6 2933.6  795.2 114.9 33.2   3.3                    29.9 2933.1      49.74222
2013 Q3   12     3  26   NA 4035.7  461.9  18.4 2033.8  496.6  83.3 34.7  64.9                   -30.2 2032.1      50.35310
2013 Q4   12     3  13   NA 3084.8  476.1  25.9 1810.6  503.5  59.7 27.4  33.8                    -6.4 1280.6      41.51323
2014 Q1   12     3  24   NA 6179.7  756.3  42.7 3032.4  795.9  94.6 39.6  51.9                   -12.3 3159.6      51.12870
2014 Q2   12     3  26   NA 4306.6  496.2  20.5 2229.1  527.4 166.3 31.2 145.8                  -114.6 2192.1      50.90094
2014 Q3   12     3  13   NA 3191.5  475.4  25.9 1901.0  493.8  63.6 18.4  37.7                   -19.3 1309.8      41.04026
2014 Q4   12     3  24   NA 6390.9  745.3  72.3 3198.5  793.1 100.3 47.8  28.0                    19.8 3172.6      49.64246
2015 Q1   12     3  26   NA 4595.9  507.7  24.0 2446.8  544.8  85.7 37.1  61.7                   -24.6 2173.7      47.29650
2015 Q2   12     3  13   NA 3609.7  445.3  23.9 2026.1  476.5  62.2 31.2  38.3                    -7.1 1590.7      44.06737
2015 Q3   12     3  24   NA 7089.0  952.1  54.0 3623.2  982.3  80.3 30.2  26.3                     3.9 3461.9      48.83481
2015 Q4   12     3  26   NA 5273.1  526.7  24.3 2833.2  562.5 104.8 35.8  80.5                   -44.7 2484.6      47.11839
2016 Q1   12     3  13   NA 3702.7  481.5  24.1 2083.8  512.6  62.7 31.1  38.6                    -7.5 1626.4      43.92470
2016 Q2   12     3  24   NA 7456.1  907.1  70.9 3691.3  972.7 108.3 65.6  37.4                    28.2 3736.6      50.11467
2016 Q3   12     3  26   NA 5525.7  634.5  14.1 2940.1  671.6 124.6 37.1 110.5                   -73.4 2659.0      48.12060
2016 Q4   12     3  13   NA 3740.1  518.3  24.2 2085.3  555.6  64.2 37.3  40.0                    -2.7 1657.5      44.31700
2017 Q1   12     3  24   NA 7534.6  917.7 103.8 3565.1  962.8 125.0 45.1  21.2                    23.9 3945.6      52.36642
2017 Q2   12     3  26   NA 5555.6  640.8  15.3 2871.0  686.4 132.8 45.6 117.5                   -71.9 2756.5      49.61660
2017 Q3   12     3  13   NA 3697.0  449.8  23.5 2052.1  479.3  60.5 29.5  37.0                    -7.5 1652.4      44.69570
2017 Q4   12     3  24   NA 7202.5  916.2 125.4 3464.2  949.4 136.3 33.2  10.9                    22.3 3716.0      51.59320
2018 Q1   12     3  26   NA 5479.3  665.5  17.1 2828.6  690.7 123.6 25.2 106.5                   -81.3 2732.0      49.86038
2018 Q2   12     3  13   NA 3703.2  584.0  20.3 1967.1  624.8  54.5 40.8  34.2                     6.6 1729.5      46.70285
2018 Q3   12     3  24   NA 6937.5  896.6 157.7 3425.1  926.1 131.7 29.5 -26.0                    55.5 3456.9      49.82919
2018 Q4   12     3  26   NA 5341.6  661.0  16.5 2718.8  697.8  58.5 36.8  42.0                    -5.2 2628.0      49.19874
2019 Q1   12     3  13   NA 3640.8  495.7  20.9 1868.6  529.5  56.4 33.8  35.5                    -1.7 1773.9      48.72281
2019 Q2   12     3  24   NA 6685.3  820.7  14.5 3132.3  886.3 105.5 65.6  91.0                   -25.4 3578.4      53.52639
2019 Q3   12     3  26   NA 5225.5  666.1  15.1 2564.2  704.4  57.7 38.3  42.6                    -4.3 2665.6      51.01139
2019 Q4   12     3  13   NA 3509.0  484.6  22.0 1802.9  520.1  55.7 35.5  33.7                     1.8 1704.3      48.56939
2020 Q1   12     3  24   NA 6365.3  797.1  68.7 2970.4  843.8 115.5 46.7  46.8                    -0.1 3395.0      53.33606
2020 Q2   12     3  26   NA 4918.8  637.4  16.4 2400.1  675.4 113.8 38.0  97.4                   -59.4 2578.1      52.41319
2020 Q3   12     3  13   NA 3375.6  501.7  21.7 1719.7  524.4  52.2 22.7  30.5                    -7.8 1663.7      49.28605
2020 Q4   12     3  24   NA 6104.4  753.3  60.4 2803.4  799.2  88.2 45.9  27.8                    18.1 3282.9      53.77924
2021 Q1   12     3  26   NA 4601.8  593.5   6.1 2230.7  631.8  89.5 38.3  83.4                   -45.1 2416.2      52.50554
2021 Q2   12     3  13   NA 3197.0  460.0  30.0 1616.6  479.9  55.4 19.9  25.4                    -5.5 1585.9      49.60588
2021 Q3   12     3  24   NA 5866.6  697.8 166.9 2784.2  750.6 107.3 52.8 -59.6                   112.4 2970.0      50.62558
2021 Q4   12     3  26   NA 4187.3  579.4  36.9 1995.5  609.6  95.8 30.2  58.9                   -28.7 2220.5      53.02940
2022 Q1   12     3  13   NA 3025.3  440.0  23.6 1510.0  458.6  47.5 18.6  23.9                    -5.3 1520.6      50.26278
2022 Q2   12     3  24   NA 5569.2  685.1  15.2 2682.0  710.8  99.1 25.7  83.9                   -58.2 2945.4      52.88731
2022 Q3   12     3  26   NA 3919.1  529.8   7.0 1825.9  562.5  11.5 32.7   4.5                    28.2 2065.0      52.69067
2022 Q4   12     3  13   NA 2890.8  417.9  19.4 1427.2  437.6  39.4 19.7  20.0                    -0.3 1463.9      50.63996
2023 Q1   12     3  24   NA 5199.0  647.2  11.4 2455.6  673.5  88.9 26.3  77.5                   -51.2 2794.6      53.75264
2023 Q2   12     3  26   NA 3660.8  488.7  13.2 1696.5  515.7  36.9 27.0  23.7                     3.3 1961.0      53.56753
2023 Q3   12     3  13   NA 2769.9  402.2  20.4 1362.7  417.1  44.8 14.9  24.4                    -9.5 1416.7      51.14625
2023 Q4   12     3  24   NA 5117.5  584.2  73.6 2362.6  641.0  98.8 56.8  25.2                    31.6 2723.3      53.21544
2024 Q1   12     3  26   NA 3430.8  457.5  12.3 1586.8  490.8 100.1 33.3  87.8                   -54.5 1898.5      55.33695
2024 Q2   12     3  13   NA 2653.9  349.1  19.0 1315.8  372.8  38.1 23.7  19.1                     4.6 1333.5      50.24681
2024 Q3   12     3  24   NA 5080.9  582.8 105.6 2268.7  621.6  93.9 38.8 -11.7                    50.5 2761.7      54.35454
2024 Q4   12     3  26   NA 3319.7  449.8  15.4 1487.6  477.0  42.9 27.2  27.5                    -0.3 1832.4      55.19776
2025 Q1   12     3  13   NA 2539.9  329.1  17.9 1258.7  351.3  36.3 22.2  18.4                     3.8 1277.4      50.29332
2025 Q2   12     3  24   NA 4822.6  579.0  29.9 2148.5  609.5  88.9 30.5  59.0                   -28.5 2702.6      56.04031
2025 Q3   12     3  26   NA 3126.0  397.7  16.1 1407.6  429.2  22.5 31.5   6.4                    25.1 1693.3      54.16827
2025 Q4   12     3  13   NA 2433.6  362.2  19.1 1200.4  385.3  43.7 23.1  24.6                    -1.5 1234.7      50.73554
2026 Q1   12     3  24   NA 4622.1  565.9  33.2 2092.2  597.3  97.8 31.4  64.6                   -33.2 2563.1      55.45315
2026 Q2   12     3  26   NA 2899.0  380.2  13.9 1328.1  403.0  72.6 22.8  58.7                   -35.9 1606.8      55.42601
2026 Q3   12     3  13   NA 2332.4  314.4  19.5 1156.3  331.0  33.8 16.6  14.3                     2.3 1173.8      50.32584
2026 Q4   12     3  24   NA 4493.3  537.6 102.4 2010.2  575.8 102.0 38.2  -0.4                    38.6 2444.5      54.40322
2027 Q1   12     3  26   NA 2778.2  349.2  15.4 1274.1  380.6  52.1 31.4  36.7                    -5.3 1509.4      54.33014
2027 Q2   12     3  13   NA 2239.7  298.4  20.8 1114.4  316.2  34.9 17.8  14.1                     3.7 1121.6      50.07814
2027 Q3   12     3  24   NA 4366.7  506.8  82.5 1922.2  546.9  83.7 40.1   1.2                    38.9 2405.6      55.08966
2027 Q4   12     3  26   NA 2686.4  338.1  14.9 1157.0  366.7  52.4 28.6  37.5                    -8.9 1538.3      57.26251
2028 Q1   12     3  13   NA 2179.8  286.2  18.6 1083.6  303.6  33.1 17.4  14.5                     2.9 1093.3      50.15598
2028 Q2   12     3  24   NA 4148.6  501.6  50.9 1852.0  518.3  72.1 16.7  21.2                    -4.5 2301.1      55.46690
2028 Q3   12     3  26   NA 2665.3  323.9  10.8 1136.7  355.0  10.1 31.1  -0.7                    31.8 1496.8      56.15878
2028 Q4   12     3  13   NA 2112.0  237.3  17.5 1049.3  254.9  35.8 17.6  18.3                    -0.7 1063.4      50.35038
2029 Q1   12     3  24   NA 4069.3  452.3  35.7 1807.4  495.5  53.8 43.2  18.1                    25.1 2236.8      54.96768
2029 Q2   12     3  26   NA 2595.7  290.0  14.0 1108.4  308.7  21.8 18.7   7.8                    10.9 1476.4      56.87868
2029 Q3   12     3  13   NA 2071.7  369.2  19.5 1031.1  381.4  31.1 12.2  11.6                     0.6 1040.0      50.20032
2029 Q4   12     3  24   NA 3880.9  463.4  20.8 1725.7  488.4  39.4 25.0  18.6                     6.4 2148.8      55.36860
2030 Q1   12     3  26   NA 2443.7  296.5  24.9 1050.4  326.5  16.6 30.0  -8.3                    38.3 1355.0      55.44870
2030 Q2   12     3  13   NA 2030.7  222.9  16.0 1004.0  238.6  18.4 15.7   2.4                    13.3 1013.4      49.90397
2030 Q3   12     3  24   NA 3832.0  474.7  27.6 1654.7  491.1  31.4 16.4   3.8                    12.6 2164.7      56.49008
2030 Q4   12     3  26   NA 2391.3  290.6   9.5 1031.1  316.0  31.1 25.4  21.6                     3.8 1356.4      56.72228
2031 Q1   12     3  13   NA 1963.0  252.9  16.1  978.3  270.6  18.4 17.7   2.3                    15.4  969.3      49.37850
2031 Q2   12     3  24   NA 3756.3  460.2  31.2 1621.3  490.8  33.9 30.6   2.7                    27.9 2107.1      56.09509
2031 Q3   12     3  26   NA 2385.7  287.6  11.2 1017.8  319.6  24.4 32.0  13.2                    18.8 1349.1      56.54944
2031 Q4   12     3  13   NA 1918.6  259.3  15.3  955.5  276.8  18.0 17.5   2.7                    14.8  948.3      49.42667
2032 Q1   12     3  24   NA 3673.2  455.8  26.9 1609.5  486.7  31.7 30.9   4.8                    26.1 2037.6      55.47207
2032 Q2   12     3  26   NA 2288.1  271.1   8.7  984.3  296.4  18.2 25.3   9.5                    15.8 1288.0      56.29125
2032 Q3   12     3  13   NA 1866.5  269.8  15.7  923.3  284.6  19.3 14.8   3.6                    11.2  932.0      49.93303
2032 Q4   12     3  24   NA 3670.7  449.7  22.1 1547.5  481.7  29.6 32.0   7.5                    24.5 2098.7      57.17438
2033 Q1   12     3  26   NA 2299.3  264.3   8.9  971.2  294.4   9.3 30.1   0.4                    29.7 1298.4      56.46936
2033 Q2   12     3  13   NA 1806.2  221.3  14.8  899.5  236.8  19.0 15.5   4.2                    11.3  895.4      49.57369
2033 Q3   12     3  24   NA 3466.8  461.5  37.8 1496.4  479.0  34.8 17.5  -3.0                    20.5 1949.9      56.24495
2033 Q4   12     3  26   NA 2309.6  268.7   8.0  976.7  294.2  32.1 25.5  24.1                     1.4 1331.5      57.65068
2034 Q1   12     3  13   NA 1758.1  225.1  14.9  872.6  242.9  19.0 17.8   4.1                    13.7  871.8      49.58762
2034 Q2   12     3  24   NA 3430.4  439.1  20.6 1469.9  476.8  26.8 37.7   6.2                    31.5 1929.0      56.23251
2034 Q3   12     3  26   NA 2263.4  246.0   7.7  952.4  273.2  18.2 27.2  10.5                    16.7 1294.3      57.18388
2034 Q4   12     3  13   NA 1701.1  231.2  14.6  846.9  249.3  18.2 18.1   3.6                    14.5  839.7      49.36218
2035 Q1   12     3  24   NA 3372.1  447.3  19.8 1419.0  472.8  29.1 25.5   9.3                    16.2 1936.9      57.43898
2035 Q2   12     3  26   NA 2296.5  255.9   7.5  971.7  280.4  12.7 24.5   5.2                    19.3 1305.5      56.84738
2035 Q3   12     3  13   NA 1648.3  240.9  15.0  818.8  254.6  20.0 13.7   5.0                     8.7  820.8      49.79676
2035 Q4   12     3  24   NA 3233.6  429.9  23.3 1409.8  457.2  27.2 27.3   3.9                    23.4 1800.4      55.67788
2036 Q1   12     3  26   NA 2257.7  255.5   7.5  973.3  283.1   9.1 27.6   1.6                    26.0 1258.4      55.73814
2036 Q2   12     3  13   NA 1619.2  202.7  14.4  800.3  217.3  17.5 14.6   3.1                    11.5  807.4      49.86413
2036 Q3   12     3  24   NA 3089.4  402.5   7.6 1308.8  425.1  25.3 22.6  17.7                     4.9 1775.7      57.47718
2036 Q4   12     3  26   NA 2208.2  238.9   7.4  966.4  275.1  18.1 36.2  10.7                    25.5 1216.3      55.08106
2037 Q1   12     3  13   NA 1577.7  208.6  15.8  784.0  225.3  19.0 16.7   3.2                    13.5  780.2      49.45173
2037 Q2   12     3  24   NA 3063.3  391.5  26.4 1296.3  411.7  31.2 20.2   4.8                    15.4 1751.6      57.18017
2037 Q3   12     3  26   NA 2109.6  249.5   7.5  960.5  281.8  18.5 32.3  11.0                    21.3 1127.8      53.46037
2037 Q4   12     3  13   NA 1527.2  203.5  15.1  769.8  221.2  17.4 17.7   2.3                    15.4  742.0      48.58565
2038 Q1   12     3  24   NA 3112.0  389.7   8.7 1326.2  410.8  26.4 21.1  17.7                     3.4 1782.4      57.27506
2038 Q2   12     3  26   NA 2108.8  256.7   7.7  933.2  292.5  12.8 35.8   5.1                    30.7 1144.9      54.29154
2038 Q3   12     3  13   NA 1490.5  189.8  14.7  749.2  204.1  18.0 14.3   3.3                    11.0  730.3      48.99698
2038 Q4   12     3  24   NA 2920.9  394.3  29.9 1239.4  424.5  29.8 30.2  -0.1                    30.3 1651.2      56.53052
2039 Q1   12     3  26   NA 1964.7  223.5   7.7  896.5  263.6  12.4 40.1   4.7                    35.4 1032.8      52.56782
2039 Q2   12     3  13   NA 1450.5  192.0  15.1  726.0  203.0  17.9 11.0   2.8                     8.2  716.3      49.38297
2039 Q3   12     3  24   NA 3017.3  395.3  23.6 1306.7  411.2  27.0 15.9   3.4                    12.5 1698.1      56.27879
2039 Q4   12     3  26   NA 2032.9  241.2   9.3  941.5  272.9  24.8 31.7  15.5                    16.2 1075.2      52.88996
2040 Q1   12     3  13   NA 1387.9  184.1  13.9  703.6  199.2  16.5 15.1   2.6                    12.5  671.8      48.40406
2040 Q2   12     3  24   NA 2819.4  367.5  24.5 1234.7  393.1  25.1 25.6   0.6                    25.0 1559.7      55.32028
2040 Q3   12     3  26   NA 1980.6  243.1   9.5  905.0  271.4  24.2 28.3  14.7                    13.6 1062.0      53.62012
2040 Q4   12     3  13   NA 1350.1  167.5  13.8  684.5  182.7  16.4 15.2   2.6                    12.6  653.0      48.36679
2041 Q1   12     3  24   NA 2725.0  368.2  26.7 1203.5  383.9  26.7 15.7   0.0                    15.7 1505.8      55.25872
2041 Q2   12     3  26   NA 1884.3  236.4   9.6  879.6  265.0  20.2 28.6  10.6                    18.0  986.7      52.36427
2041 Q3   12     3  13   NA 1306.6  170.5  13.9  672.4  182.6  16.7 12.1   2.8                     9.3  624.9      47.82642
2041 Q4   12     3  24   NA 2558.0  354.0  20.9 1150.0  367.6  22.8 13.6   1.9                    11.7 1396.3      54.58561
2042 Q1   12     3  26   NA 1766.5  223.2   9.4  831.6  255.9  16.0 32.7   6.6                    26.1  908.8      51.44636
2042 Q2   12     3  13   NA 1249.5  155.0  13.9  642.7  164.4  16.6  9.4   2.7                     6.7  600.1      48.02721
2042 Q3   12     3  24   NA 2330.1  323.8  25.3 1102.6  355.1  25.5 31.3   0.2                    31.1 1196.4      51.34544
2042 Q4   12     3  26   NA 1650.6  215.0   9.2  793.7  251.2  27.4 36.2  18.2                    18.0  838.9      50.82394
2043 Q1   12     3  13   NA 1220.3  151.0  12.3  624.0  163.0  14.6 12.0   2.3                     9.7  586.6      48.07015
2043 Q2   12     3  24   NA 2264.9  356.7  18.9 1116.4  361.6  24.6  4.9   5.7                    -0.8 1149.3      50.74396
2043 Q3   12     3  26   NA 1595.5  202.9   8.9  761.2  237.2  23.0 34.3  14.1                    20.2  814.1      51.02476
2043 Q4   12     3  13   NA 1195.2  149.9  13.4  613.2  160.8  16.3 10.9   2.9                     8.0  574.0      48.02544
2044 Q1   12     3  24   NA 2319.9  345.8  23.6 1131.4  362.1  27.1 16.3   3.5                    12.8 1175.7      50.67891
2044 Q2   12     3  26   NA 1539.1  194.6   8.6  744.8  232.0  23.0 37.4  14.4                    23.0  771.3      50.11370
2044 Q3   12     3  13   NA 1164.9  133.1  12.1  598.6  140.9  15.5  7.8   3.4                     4.4  561.9      48.23590
2044 Q4   12     3  24   NA 2135.4  314.9  26.0 1059.3  340.6  27.2 25.7   1.2                    24.5 1051.6      49.24604
2045 Q1   12     3  26   NA 1483.0  181.7   8.0  709.2  220.7  22.3 39.0  14.3                    24.7  749.1      50.51247
2045 Q2   12     3  13   NA 1146.8  142.9  13.0  609.2  150.9  18.7  8.0   5.7                     2.3  535.3      46.67771
2045 Q3   12     3  24   NA 2112.7  315.2  24.0 1028.8  327.2  25.1 12.0   1.1                    10.9 1073.0      50.78809
2045 Q4   12     3  26   NA 1413.0  184.1   7.1  666.0  212.8  13.2 28.7   6.1                    22.6  724.4      51.26681
2046 Q1   12     3  13   NA 1126.3  145.3  11.3  604.0  155.1  18.3  9.8   7.0                     2.8  519.5      46.12448
2046 Q2   12     3  24   NA 2228.9  329.6  19.8 1077.6  347.3  29.9 17.7  10.1                     7.6 1143.7      51.31231
2046 Q3   12     3  26   NA 1412.6  196.1   6.8  675.4  224.1  26.5 28.0  19.7                     8.3  728.9      51.59989
2046 Q4   12     3  13   NA 1105.3  154.0  10.5  586.8  163.1  17.4  9.1   6.9                     2.2  516.3      46.71130
2047 Q1   12     3  24   NA 2233.8  333.9  19.9 1047.1  355.9  24.3 22.0   4.4                    17.6 1169.1      52.33683
2047 Q2   12     3  26   NA 1414.3  191.2   6.4  666.5  226.1  19.1 34.9  12.7                    22.2  725.6      51.30453
2047 Q3   12     3  13   NA 1088.7  151.5   6.5  575.7  156.3  13.4  4.8   6.9                    -2.1  515.1      47.31331
2047 Q4   12     3  24   NA 2220.4  346.9  20.1 1010.8  361.2  23.2 14.3   3.1                    11.2 1198.4      53.97226
2048 Q1   12     3  26   NA 1402.9  206.5   6.0  657.0  249.8  10.2 43.3   4.2                    39.1  706.8      50.38135
2048 Q2   12     3  13   NA 1056.1  153.2   5.9  572.0  158.8   8.4  5.6   2.5                     3.1  481.0      45.54493
2048 Q3   12     3  24   NA 2087.5  322.3  12.8  932.5  339.6  22.2 17.3   9.4                     7.9 1147.1      54.95090
2048 Q4   12     3  26   NA 1371.9  178.9   5.2  651.8  199.5  10.7 20.6   5.5                    15.1  705.0      51.38859
2049 Q1   12     3  13   NA 1003.3  151.4   5.8  546.0  160.9   8.5  9.5   2.7                     6.8  450.5      44.90182
2049 Q2   12     3  24   NA 2048.4  299.0   2.4  915.3  329.0  15.6 30.0  13.2                    16.8 1116.3      54.49619
2049 Q3   12     3  26   NA 1320.5  171.3   5.0  641.0  197.8  21.9 26.5  16.9                     9.6  669.9      50.73078
2049 Q4   12     3  13   NA  954.2  144.2   5.8  524.7  151.2   8.0  7.0   2.2                     4.8  424.7      44.50849
2050 Q1   12     3  24   NA 1892.9  286.1  18.8  833.2  292.2  18.6  6.1  -0.2                     6.3 1053.4      55.65006
2050 Q2   12     3  26   NA 1237.8  161.6   4.4  597.1  188.6  15.0 27.0  10.6                    16.4  624.3      50.43626
2050 Q3   12     3  13   NA  903.5  131.9   6.9  505.8  134.7   9.2  2.8   2.3                     0.5  397.2      43.96237
2050 Q4   12     3  24   NA 1794.9  245.9  13.5  767.6  256.5  17.8 10.6   4.3                     6.3 1021.0      56.88339
2051 Q1   12     3  26   NA 1157.2  149.1   4.0  567.3  183.2   7.8 34.1   3.8                    30.3  559.6      48.35811
2051 Q2   12     3  13   NA  874.4  128.3   5.9  481.4  133.4   7.9  5.1   2.0                     3.1  389.9      44.59058
2051 Q3   12     3  24   NA 1587.0  201.5   7.2  679.0  214.7  15.9 13.2   8.7                     4.5  903.5      56.93132
2051 Q4   12     3  26   NA 1084.7  166.0   1.5  571.6  177.8   6.9 11.8   5.4                     6.4  506.7      46.71338
2052 Q1   12     3  13   NA  846.5  130.4   6.4  474.2  138.4   8.3  8.0   1.9                     6.1  366.2      43.26048
2052 Q2   12     3  24   NA 1534.8  190.8  17.6  650.0  194.1  26.0  3.3   8.4                    -5.1  889.9      57.98150
2052 Q3   12     3  26   NA 1059.9  120.5   1.4  524.7  133.5  13.7 13.0  12.3                     0.7  534.5      50.42929
2052 Q4   12     3  13   NA  799.9  111.2   5.7  456.5  116.6   7.7  5.4   2.0                     3.4  340.0      42.50531
2053 Q1   12     3  24   NA 1451.2  172.0  23.7  612.6  182.8  19.7 10.8  -4.0                    14.8  823.8      56.76681
2053 Q2   12     3  26   NA 1024.5  123.4   1.3  510.2  140.1   9.8 16.7   8.5                     8.2  506.1      49.39971
2053 Q3   12     3  13   NA  755.0  100.1   5.6  435.4  102.4   7.3  2.3   1.7                     0.6  319.0      42.25166
2053 Q4   12     3  24   NA 1362.8  161.0  11.4  568.5  169.9  18.2  8.9   6.8                     2.1  792.2      58.13032
2054 Q1   12     3  26   NA  972.2  114.8   1.2  477.4  133.4   5.1 18.6   3.9                    14.7  480.1      49.38284
2054 Q2   12     3  13   NA  704.5   99.1   4.8  408.9  102.4   6.1  3.3   1.3                     2.0  293.6      41.67495
2054 Q3   12     3  24   NA 1255.9  160.7  16.3  527.9  161.8  16.1  1.1  -0.2                     1.3  726.7      57.86289
2054 Q4   12     3  26   NA  923.0  115.2   1.1  434.1  130.1   8.2 14.9   7.1                     7.8  481.1      52.12351
2055 Q1   12     3  13   NA  656.9   87.3   5.2  383.6   92.3   6.0  5.0   0.8                     4.2  269.1      40.96514
2055 Q2   12     3  24   NA 1182.2  153.4   2.5  487.0  157.4  11.3  4.0   8.8                    -4.8  700.0      59.21164
2055 Q3   12     3  26   NA  911.5  119.0   1.1  423.6  134.5  15.3 15.5  14.2                     1.3  486.6      53.38453
2055 Q4   12     3  13   NA  623.6   84.0   4.7  370.3   87.8   5.8  3.8   1.1                     2.7  250.6      40.18602
2056 Q1   12     3  24   NA 1080.2  142.3  14.9  456.1  149.0  12.1  6.7  -2.8                     9.5  614.6      56.89687
2056 Q2   12     3  26   NA  916.8  115.2   1.1  423.7  134.6  13.8 19.4  12.7                     6.7  486.4      53.05410
2056 Q3   12     3  13   NA  576.2   90.1   4.7  347.6   91.8   5.5  1.7   0.8                     0.9  227.7      39.51753
2056 Q4   12     3  24   NA 1053.5  136.4  12.3  442.0  148.9  11.9 12.5  -0.4                    12.9  598.6      56.82012
2057 Q1   12     3  26   NA  906.3  117.4   1.1  413.6  139.4   7.5 22.0   6.4                    15.6  477.1      52.64261
      unit s_adj geo   time     B1G     D1    D3
1  CP_MEUR    SA  SK 2015Q3 17662.4 7496.6 244.4
2  CP_MEUR    SA  SK 2015Q2 17511.9 7410.9 264.4
3  CP_MEUR    SA  SK 2015Q1 17429.2 7323.7 458.5
4  CP_MEUR    SA  SK 2014Q4 17301.6 7237.9 247.6
5  CP_MEUR    SA  SK 2014Q3 17197.5 7158.7 211.9
6  CP_MEUR    SA  SK 2014Q2 17105.4 7136.1 257.9
7  CP_MEUR    SA  SK 2014Q1 16973.1 7003.4 466.3
8  CP_MEUR    SA  SK 2013Q4 16999.0 6924.7 250.9
9  CP_MEUR    SA  SK 2013Q3 16814.5 6870.1 256.6
10 CP_MEUR    SA  SK 2013Q2 16816.7 6769.2 282.9
11 CP_MEUR    SA  SK 2013Q1 16754.5 6853.4 466.0
12 CP_MEUR    SA  SK 2012Q4 16685.5 6782.2 212.5
13 CP_MEUR    SA  SK 2012Q3 16691.2 6739.5 262.2
14 CP_MEUR    SA  SK 2012Q2 16519.9 6714.6 230.1
15 CP_MEUR    SA  SK 2012Q1 16429.4 6633.4 408.6
16 CP_MEUR    SA  SK 2011Q4 16181.6 6574.8 202.0
17 CP_MEUR    SA  SK 2011Q3 16127.2 6580.6 212.3
18 CP_MEUR    SA  SK 2011Q2 15908.1 6485.3 197.8
19 CP_MEUR    SA  SK 2011Q1 15648.6 6411.9 416.4
20 CP_MEUR    SA  SK 2010Q4 15654.1 6337.4 360.2
21 CP_MEUR    SA  SK 2010Q3 15512.8 6270.9 229.6
22 CP_MEUR    SA  SK 2010Q2 15246.1 6236.5 213.3
23 CP_MEUR    SA  SK 2010Q1 14993.3 6067.6 471.9
24 CP_MEUR    SA  SK 2009Q4 14872.5 6028.6 533.7
25 CP_MEUR    SA  SK 2009Q3 14593.3 5996.5 204.7
26 CP_MEUR    SA  SK 2009Q2 14398.4 5970.0 242.9
27 CP_MEUR    SA  SK 2009Q1 14234.6 6005.4 325.7
28 CP_MEUR    SA  SK 2008Q4 15352.2 5919.3 446.1
29 CP_MEUR    SA  SK 2008Q3 15467.0 6168.6 307.4
30 CP_MEUR    SA  SK 2008Q2 14942.2 5834.3 339.8
31 CP_MEUR    SA  SK 2008Q1 14133.6 5414.0 330.1
32 CP_MEUR    SA  SK 2007Q4 13332.3 5245.2 336.1
33 CP_MEUR    SA  SK 2007Q3 12957.2 5039.9 206.2
34 CP_MEUR    SA  SK 2007Q2 12464.3 4870.0 218.3
35 CP_MEUR    SA  SK 2007Q1 11949.6 4697.0 215.7
36 CP_MEUR    SA  SK 2006Q4 11316.4 4365.5 408.6
37 CP_MEUR    SA  SK 2006Q3 10173.9 4070.0 140.8
38 CP_MEUR    SA  SK 2006Q2  9944.5 3989.6 152.4
39 CP_MEUR    SA  SK 2006Q1  9656.3 3901.3 141.0
40 CP_MEUR    SA  SK 2005Q4  9055.7 3733.0 135.8
41 CP_MEUR    SA  SK 2005Q3  8846.0 3593.3 206.3
42 CP_MEUR    SA  SK 2005Q2  8554.3 3488.3 165.0
43 CP_MEUR    SA  SK 2005Q1  8467.8 3513.6 203.4
44 CP_MEUR    SA  SK 2004Q4  8242.6 3287.5 193.9
45 CP_MEUR    SA  SK 2004Q3  7846.9 3143.8 207.1
46 CP_MEUR    SA  SK 2004Q2  7598.0 3099.7 211.6
47 CP_MEUR    SA  SK 2004Q1  7389.8 2998.3 153.7
48 CP_MEUR    SA  SK 2003Q4  7038.5 2947.2 134.7
49 CP_MEUR    SA  SK 2003Q3  6755.4 2879.5 123.2
50 CP_MEUR    SA  SK 2003Q2  6705.9 2864.2 123.2
51 CP_MEUR    SA  SK 2003Q1  6488.8 2756.0 107.7
52 CP_MEUR    SA  SK 2002Q4  6325.2 2710.6  94.9
53 CP_MEUR    SA  SK 2002Q3  5901.1 2529.3  92.5
54 CP_MEUR    SA  SK 2002Q2  5807.3 2536.4  96.6
55 CP_MEUR    SA  SK 2002Q1  5783.5 2525.1 107.3
56 CP_MEUR    SA  SK 2001Q4  5563.4 2396.7 111.1
57 CP_MEUR    SA  SK 2001Q3  5495.2 2377.8 124.8
58 CP_MEUR    SA  SK 2001Q2  5432.9 2325.2 130.1
59 CP_MEUR    SA  SK 2001Q1  5134.4 2260.9 129.2
60 CP_MEUR    SA  SK 2000Q4  5158.3 2260.7 136.4
61 CP_MEUR    SA  SK 2000Q3  5042.5 2262.2 136.3
62 CP_MEUR    SA  SK 2000Q2  4945.8 2226.8 149.9
63 CP_MEUR    SA  SK 2000Q1  4805.7 2228.3 123.8
64 CP_MEUR    SA  SK 1999Q4  4483.6 2008.9 146.2
65 CP_MEUR    SA  SK 1999Q3  4343.0 1979.6 105.9
66 CP_MEUR    SA  SK 1999Q2  4292.5 1901.7 135.8
67 CP_MEUR    SA  SK 1999Q1  4445.4 1944.5 124.2
68 CP_MEUR    SA  SK 1998Q4  4435.9 1998.7 139.9
69 CP_MEUR    SA  SK 1998Q3  4672.0 2155.3 123.9
70 CP_MEUR    SA  SK 1998Q2  4631.9 2213.9 150.1
71 CP_MEUR    SA  SK 1998Q1  4529.1 2126.2 144.1
72 CP_MEUR    SA  SK 1997Q4  4539.6 2091.4 212.9
73 CP_MEUR    SA  SK 1997Q3  4467.0 2093.2 191.1
74 CP_MEUR    SA  SK 1997Q2  4282.6 1988.7 204.9
75 CP_MEUR    SA  SK 1997Q1  4180.4 1920.7 194.6
76 CP_MEUR    SA  SK 1996Q4  3992.7 1797.7 161.9
77 CP_MEUR    SA  SK 1996Q3  3867.3 1744.6 150.8
78 CP_MEUR    SA  SK 1996Q2  3766.0 1692.1 162.1
79 CP_MEUR    SA  SK 1996Q1  3696.5 1654.5 168.5
80 CP_MEUR    SA  SK 1995Q4  3469.1 1581.6 180.2
81 CP_MEUR    SA  SK 1995Q3  3474.1 1514.0 169.0
82 CP_MEUR    SA  SK 1995Q2  3424.3 1466.3 190.3
83 CP_MEUR    SA  SK 1995Q1  3332.4 1415.1 167.6
      unit s_adj geo   time     D2
1  CP_MEUR    SA  SK 2015Q3 2193.5
2  CP_MEUR    SA  SK 2015Q2 2171.0
3  CP_MEUR    SA  SK 2015Q1 2020.5
4  CP_MEUR    SA  SK 2014Q4 2074.3
5  CP_MEUR    SA  SK 2014Q3 2031.9
6  CP_MEUR    SA  SK 2014Q2 2025.1
7  CP_MEUR    SA  SK 2014Q1 2041.2
8  CP_MEUR    SA  SK 2013Q4 1924.6
9  CP_MEUR    SA  SK 2013Q3 1997.3
10 CP_MEUR    SA  SK 2013Q2 1949.7
11 CP_MEUR    SA  SK 2013Q1 1875.2
12 CP_MEUR    SA  SK 2012Q4 1807.1
13 CP_MEUR    SA  SK 2012Q3 1822.6
14 CP_MEUR    SA  SK 2012Q2 1854.0
15 CP_MEUR    SA  SK 2012Q1 1808.3
16 CP_MEUR    SA  SK 2011Q4 1994.0
17 CP_MEUR    SA  SK 2011Q3 1800.0
18 CP_MEUR    SA  SK 2011Q2 1871.2
19 CP_MEUR    SA  SK 2011Q1 1868.9
20 CP_MEUR    SA  SK 2010Q4 1690.9
21 CP_MEUR    SA  SK 2010Q3 1777.4
22 CP_MEUR    SA  SK 2010Q2 1679.5
23 CP_MEUR    SA  SK 2010Q1 1774.3
24 CP_MEUR    SA  SK 2009Q4 1669.5
25 CP_MEUR    SA  SK 2009Q3 1655.4
26 CP_MEUR    SA  SK 2009Q2 1612.2
27 CP_MEUR    SA  SK 2009Q1 1804.3
28 CP_MEUR    SA  SK 2008Q4 1787.5
29 CP_MEUR    SA  SK 2008Q3 1849.7
30 CP_MEUR    SA  SK 2008Q2 1743.9
31 CP_MEUR    SA  SK 2008Q1 1598.4
32 CP_MEUR    SA  SK 2007Q4 1716.8
33 CP_MEUR    SA  SK 2007Q3 1573.5
34 CP_MEUR    SA  SK 2007Q2 1547.7
35 CP_MEUR    SA  SK 2007Q1 1463.2
36 CP_MEUR    SA  SK 2006Q4 1353.6
37 CP_MEUR    SA  SK 2006Q3 1286.2
38 CP_MEUR    SA  SK 2006Q2 1326.4
39 CP_MEUR    SA  SK 2006Q1 1162.2
40 CP_MEUR    SA  SK 2005Q4 1237.1
41 CP_MEUR    SA  SK 2005Q3 1227.2
42 CP_MEUR    SA  SK 2005Q2 1249.1
43 CP_MEUR    SA  SK 2005Q1 1233.5
44 CP_MEUR    SA  SK 2004Q4 1108.2
45 CP_MEUR    SA  SK 2004Q3 1080.2
46 CP_MEUR    SA  SK 2004Q2  968.3
47 CP_MEUR    SA  SK 2004Q1 1093.1
48 CP_MEUR    SA  SK 2003Q4 1040.8
49 CP_MEUR    SA  SK 2003Q3  911.9
50 CP_MEUR    SA  SK 2003Q2  865.1
51 CP_MEUR    SA  SK 2003Q1  779.4
52 CP_MEUR    SA  SK 2002Q4  810.9
53 CP_MEUR    SA  SK 2002Q3  745.2
54 CP_MEUR    SA  SK 2002Q2  716.9
55 CP_MEUR    SA  SK 2002Q1  748.7
56 CP_MEUR    SA  SK 2001Q4  712.5
57 CP_MEUR    SA  SK 2001Q3  628.0
58 CP_MEUR    SA  SK 2001Q2  665.3
59 CP_MEUR    SA  SK 2001Q1  689.3
60 CP_MEUR    SA  SK 2000Q4  683.3
61 CP_MEUR    SA  SK 2000Q3  708.8
62 CP_MEUR    SA  SK 2000Q2  727.0
63 CP_MEUR    SA  SK 2000Q1  672.8
64 CP_MEUR    SA  SK 1999Q4  644.9
65 CP_MEUR    SA  SK 1999Q3  623.4
66 CP_MEUR    SA  SK 1999Q2  574.8
67 CP_MEUR    SA  SK 1999Q1  546.1
68 CP_MEUR    SA  SK 1998Q4  597.1
69 CP_MEUR    SA  SK 1998Q3  643.4
70 CP_MEUR    SA  SK 1998Q2  675.0
71 CP_MEUR    SA  SK 1998Q1  681.8
72 CP_MEUR    SA  SK 1997Q4  582.1
73 CP_MEUR    SA  SK 1997Q3  704.1
74 CP_MEUR    SA  SK 1997Q2  603.7
75 CP_MEUR    SA  SK 1997Q1  605.7
76 CP_MEUR    SA  SK 1996Q4  553.5
77 CP_MEUR    SA  SK 1996Q3  603.2
78 CP_MEUR    SA  SK 1996Q2  515.7
79 CP_MEUR    SA  SK 1996Q1  628.2
80 CP_MEUR    SA  SK 1995Q4  550.1
81 CP_MEUR    SA  SK 1995Q3  475.4
82 CP_MEUR    SA  SK 1995Q2  635.1
83 CP_MEUR    SA  SK 1995Q1  504.5
[1] "unit"  "s_adj" "geo"   "time"  "B1G"   "D1"    "D3"   
      unit s_adj geo   time     B1G    D21    D31      D1      D2     D3    D29    D39
1  CP_MEUR   NSA  AT 2015Q3 76573.3 9491.3  152.9 40360.5 12498.5 1146.1 3007.2  993.2
2  CP_MEUR   NSA  AT 2015Q2 73769.5 9189.8  131.8 41658.7 11958.2 1172.1 2768.4 1040.3
3  CP_MEUR   NSA  AT 2015Q1 71159.9 9063.1  188.7 38795.8 11452.3 1228.6 2389.2 1039.9
4  CP_MEUR   NSA  AT 2014Q4 76929.6 9632.4  242.6 41219.7 12929.7 2476.4 3297.3 2233.8
5  CP_MEUR   NSA  AT 2014Q3 74746.9 9090.4  145.6 39164.3 12004.6 1128.9 2914.2  983.3
6  CP_MEUR   NSA  AT 2014Q2 72103.6 8948.3  114.9 40527.8 11763.7 1180.0 2815.4 1065.1
7  CP_MEUR   NSA  AT 2014Q1 69530.5 9025.7  208.8 37673.7 11257.0 1266.7 2231.3 1057.9
8  CP_MEUR   NSA  AT 2013Q4 75676.5 9491.1  215.8 40201.0 12710.0 2406.9 3218.9 2191.1
9  CP_MEUR   NSA  AT 2013Q3 73162.7 8972.7  146.3 38218.7 11778.2 1090.0 2805.5  943.7
10 CP_MEUR   NSA  AT 2013Q2 70626.5 8777.4  132.3 39423.9 11166.0 1176.6 2388.6 1044.3
11 CP_MEUR   NSA  AT 2013Q1 68077.8 8771.7  183.7 36703.4 11252.0 1144.2 2480.3  960.5
12 CP_MEUR   NSA  AT 2012Q4 73601.7 9365.5  195.7 39158.7 12193.5 2446.7 2828.0 2251.0
13 CP_MEUR   NSA  AT 2012Q3 71807.0 8881.6  114.1 37223.8 11678.5 1024.4 2796.9  910.3
14 CP_MEUR   NSA  AT 2012Q2 69206.5 8896.9  108.0 38275.2 11465.8 1259.7 2568.9 1151.7
15 CP_MEUR   NSA  AT 2012Q1 67279.3 8657.1  221.8 35684.2 10996.8 1238.8 2339.7 1017.0
16 CP_MEUR   NSA  AT 2011Q4 71467.8 8909.0  268.0 37693.6 11627.8 2532.3 2718.8 2264.3
17 CP_MEUR   NSA  AT 2011Q3 70140.4 8775.9  109.2 35748.6 11542.3  971.6 2766.4  862.4
18 CP_MEUR   NSA  AT 2011Q2 68133.0 8340.1  120.4 36716.8 10616.8 1205.7 2276.7 1085.3
19 CP_MEUR   NSA  AT 2011Q1 65110.9 8391.4  140.8 34183.9 10674.9 1116.0 2283.5  975.2
20 CP_MEUR   NSA  AT 2010Q4 69494.5 8939.9  248.3 36286.7 11436.8 2623.0 2496.9 2374.7
21 CP_MEUR   NSA  AT 2010Q3 67521.4 8154.0  125.2 34363.7 10500.6 1016.0 2346.6  890.8
22 CP_MEUR   NSA  AT 2010Q2 64369.3 8036.9  132.0 35311.1 10371.1 1219.0 2334.2 1087.0
23 CP_MEUR   NSA  AT 2010Q1 60926.2 7832.1  141.3 32943.6  9897.7 1081.6 2065.6  940.3
24 CP_MEUR   NSA  AT 2009Q4 67322.0 8752.0  231.4 35184.9 11181.3 2434.1 2429.3 2202.7
25 CP_MEUR   NSA  AT 2009Q3 64703.8 7979.8  128.0 33558.0 10264.4 1229.9 2284.6 1101.9
26 CP_MEUR   NSA  AT 2009Q2 62219.4 7802.7  191.7 34633.3 10040.6 1222.3 2237.9 1030.6
27 CP_MEUR   NSA  AT 2009Q1 60517.4 7564.6  122.4 32847.8  9658.4 1078.3 2093.8  955.9
28 CP_MEUR   NSA  AT 2008Q4 66795.5 8604.4  277.6 34993.3 11041.7 2463.7 2437.3 2186.1
29 CP_MEUR   NSA  AT 2008Q3 65832.7 8004.9  116.0 33384.0 10285.2 1040.8 2280.3  924.8
30 CP_MEUR   NSA  AT 2008Q2 64857.1 8010.8  113.1 34377.0  9933.0 1140.9 1922.2 1027.8
31 CP_MEUR   NSA  AT 2008Q1 63047.6 7452.4  168.4 32206.8  9571.3 1075.0 2118.9  906.6
32 CP_MEUR   NSA  AT 2007Q4 66260.0 8506.1  138.4 33600.3 10658.1 2224.0 2152.0 2085.6
33 CP_MEUR   NSA  AT 2007Q3 64027.5 7586.2  131.9 31711.3  9675.9  999.3 2089.7  867.4
34 CP_MEUR   NSA  AT 2007Q2 62171.1 7676.4  132.2 32497.5  9744.2 1085.7 2067.8  953.5
35 CP_MEUR   NSA  AT 2007Q1 59467.7 7228.0  173.7 30381.0  9050.2 1013.5 1822.2  839.8
36 CP_MEUR   NSA  AT 2006Q4 62813.0 7802.9  224.2 31991.4 10068.1 2342.8 2265.2 2118.6
37 CP_MEUR   NSA  AT 2006Q3 60484.1 7487.3  116.2 30304.0  9481.1  988.4 1993.8  872.2
38 CP_MEUR   NSA  AT 2006Q2 58756.5 7019.7  128.3 30990.9  9023.1 1099.1 2003.4  970.8
39 CP_MEUR   NSA  AT 2006Q1 55629.7 7133.0  179.4 28748.6  8672.5 1068.5 1539.5  889.1
40 CP_MEUR   NSA  AT 2005Q4 58819.1 7759.6  260.7 30466.0  9814.7 2387.6 2055.1 2126.9
41 CP_MEUR   NSA  AT 2005Q3 57302.0 7305.1  132.0 28831.1  9240.7  975.9 1935.6  843.9
42 CP_MEUR   NSA  AT 2005Q2 56030.2 6999.1  132.0 29594.9  8887.5 1061.0 1888.4  929.0
43 CP_MEUR   NSA  AT 2005Q1 52626.0 6773.3   80.5 27528.7  8419.6  960.7 1646.3  880.2
44 CP_MEUR   NSA  AT 2004Q4 55891.5 7837.6  817.7 29342.4  9820.2 2331.6 1982.6 1513.9
45 CP_MEUR   NSA  AT 2004Q3 55040.5 7020.8  270.0 27939.1  8896.9 1066.2 1876.1  796.2
46 CP_MEUR   NSA  AT 2004Q2 53470.0 6601.5  274.8 28683.5  8433.0 1233.9 1831.5  959.1
47 CP_MEUR   NSA  AT 2004Q1 50808.7 6557.0  360.2 26782.9  8208.2 1180.4 1651.2  820.2
48 CP_MEUR   NSA  AT 2003Q4 53722.5 7218.2  876.9 28547.4  9212.2 2259.6 1994.0 1382.7
49 CP_MEUR   NSA  AT 2003Q3 52648.5 6740.6  507.1 27233.8  8666.7 1194.5 1926.1  687.4
50 CP_MEUR   NSA  AT 2003Q2 51046.2 6559.1  365.1 27995.9  8307.0 1136.7 1747.9  771.6
51 CP_MEUR   NSA  AT 2003Q1 48927.1 6410.1  524.0 26204.2  8056.3 1154.2 1646.2  630.2
52 CP_MEUR   NSA  AT 2002Q4 52409.4 7284.4 1106.1 27930.0  9209.7 2270.3 1925.3 1164.2
53 CP_MEUR   NSA  AT 2002Q3 51441.9 6670.6  298.3 26646.8  8483.8  893.0 1813.2  594.7
54 CP_MEUR   NSA  AT 2002Q2 50095.2 6495.8  257.0 27404.7  8238.6  915.6 1742.8  658.6
55 CP_MEUR   NSA  AT 2002Q1 47935.5 6175.1  543.7 25565.9  7835.8 1107.7 1660.7  564.0
56 CP_MEUR   NSA  AT 2001Q4 50966.4 6942.2  774.0 27442.4  8782.3 1920.4 1840.1 1146.4
57 CP_MEUR   NSA  AT 2001Q3 49854.4 6344.3  439.4 26155.3  8319.0  967.9 1974.7  528.5
58 CP_MEUR   NSA  AT 2001Q2 48870.9 6286.8  437.4 26843.7  7953.6 1072.3 1666.8  634.9
59 CP_MEUR   NSA  AT 2001Q1 46918.1 6144.0  580.5 25143.5  7623.2 1155.1 1479.2  574.6
60 CP_MEUR   NSA  AT 2000Q4 49873.6 6710.6  798.5 26915.6  8477.3 1910.0 1766.7 1111.5
61 CP_MEUR   NSA  AT 2000Q3 48546.9 6299.8  416.8 25665.6  7961.0 1104.7 1661.2  687.9
62 CP_MEUR   NSA  AT 2000Q2 47326.2 6129.5  425.3 26295.4  7759.2 1118.5 1629.7  693.2
63 CP_MEUR   NSA  AT 2000Q1 44430.6 6010.1  490.6 24468.3  7626.3 1178.8 1616.2  688.2
64 CP_MEUR   NSA  AT 1999Q4 47345.4 6682.0  707.0 26153.1  8240.4 1710.0 1558.4 1003.0
65 CP_MEUR   NSA  AT 1999Q3 46555.7 6201.5  417.7 24759.9  7868.5 1144.5 1667.0  726.8
66 CP_MEUR   NSA  AT 1999Q2 44885.6 5967.1  418.2 25263.7  7562.8 1162.0 1595.7  743.8
67 CP_MEUR   NSA  AT 1999Q1 41932.4 5895.4  503.9 23552.1  7470.4 1216.8 1575.0  712.9
68 CP_MEUR   NSA  AT 1998Q4 45170.2 6340.0  806.3 25219.8  7957.5 1918.4 1617.5 1112.1
69 CP_MEUR   NSA  AT 1998Q3 44640.0 5836.2  448.1 23756.5  7486.7 1101.5 1650.5  653.4
70 CP_MEUR   NSA  AT 1998Q2 43228.8 5677.3  449.5 24156.8  7198.9 1146.9 1521.6  697.4
71 CP_MEUR   NSA  AT 1998Q1 40307.4 5563.3  551.0 22366.9  7015.7 1213.9 1452.4  662.9
72 CP_MEUR   NSA  AT 1997Q4 43804.9 6080.3  772.6 24104.3  7611.6 1660.4 1531.3  887.8
73 CP_MEUR   NSA  AT 1997Q3 42882.3 5656.3  429.6 22869.1  7202.6  999.0 1546.3  569.4
74 CP_MEUR   NSA  AT 1997Q2 41263.6 5525.5  436.4 23397.8  7010.3 1028.9 1484.8  592.5
75 CP_MEUR   NSA  AT 1997Q1 38917.8 5458.7  524.2 21857.4  6918.2 1100.1 1459.5  575.9
76 CP_MEUR   NSA  AT 1996Q4 43110.3 5878.7  793.4 24124.6  7385.6 1735.8 1506.9  942.4
77 CP_MEUR   NSA  AT 1996Q3 43011.2 5527.2  456.4 23178.3  7105.2 1076.0 1578.0  619.6
78 CP_MEUR   NSA  AT 1996Q2 41346.7 5354.8  458.5 23573.2  6845.0 1103.5 1490.2  645.0
79 CP_MEUR   NSA  AT 1996Q1 39213.4 5331.0  560.5 22362.7  6798.1 1186.0 1467.1  625.5
80 CP_MEUR   NSA  AT 1995Q4 42864.0 5657.5  870.7 24393.5  7194.7 1992.4 1537.2 1121.7
81 CP_MEUR   NSA  AT 1995Q3 42372.7 5243.6  488.0 23369.5  6815.2 1190.2 1571.6  702.2
82 CP_MEUR   NSA  AT 1995Q2 41514.7 5146.9  496.3 24051.6  6640.8 1239.8 1493.9  743.5
83 CP_MEUR   NSA  AT 1995Q1 38593.3 4999.0  593.8 22072.4  6430.2 1298.9 1431.2  705.1
[1] 83 15

Call:
seas(x = B2G_ratio_core.ts)

Coefficients:
                  Estimate Std. Error z value Pr(>|z|)    
AR-Nonseasonal-01  0.80137    0.07082  11.316  < 2e-16 ***
MA-Seasonal-04     0.35567    0.11190   3.179  0.00148 ** 
---
Signif. codes:  0 ‘***’ 0.001 ‘**’ 0.01 ‘*’ 0.05 ‘.’ 0.1 ‘ ’ 1

SEATS adj.  ARIMA: (1 0 0)(0 1 1)  Obs.: 83  Transform: log
AICc: 151.5, BIC: 158.3  QS (no seasonality in final):    0  
Box-Ljung (no autocorr.): 16.15   Shapiro (normality): 0.9632 *

seas(x = B2G_ratio_core.ts, arima.model = "(1 0 0)(0 1 1)", regression.aictest = NULL, 
    outlier = NULL, transform.function = "log")
         Qtr1     Qtr2     Qtr3     Qtr4
1995 43.54217 43.54396 43.64344 43.65912
1996 43.92420 43.65915 44.25626 44.09904
1997 44.18316 44.45854 44.09713 44.55645
1998 44.58347 44.67405 45.36330 45.11232
1999 45.37101 46.38597 46.06576 45.88785
2000 45.87133 45.26617 44.89591 45.53829
2001 45.15627 44.35769 44.69040 45.56340
2002 46.20116 47.44620 47.62335 47.68854
2003 47.69964 47.68045 47.66781 47.55360
2004 47.24072 47.14146 47.42463 47.32450
2005 46.90258 46.95301 46.45458 45.99999
2006 46.31551 46.09719 45.80322 45.17554
2007 44.94086 44.62706 44.51711 44.70854
2008 44.84423 44.47754 44.49518 44.29261
2009 43.71211 44.26935 44.67644 44.23656
2010 43.96656 43.70050 43.34118 43.19789
2011 43.35138 42.94973 42.48835 42.71574
2012 43.01233 43.34729 43.30030 43.09081
2013 42.83216 42.32929 42.36857 42.26157
2014 42.32134 42.12054 41.61488 41.62407
2015 41.35736 41.44308 41.66779         
[1] "ts"


|title                                                    |code      |type    |last.update.of.data |last.table.structure.change |data.start |data.end |values |
|:--------------------------------------------------------|:---------|:-------|:-------------------|:---------------------------|:----------|:--------|:------|
|Database by themes                                       |data      |folder  |                    |                            |           |         |NA     |
|General and regional statistics                          |general   |folder  |                    |                            |           |         |NA     |
|European and national indicators for short-term analysis |euroind   |folder  |                    |                            |           |         |NA     |
|Business and consumer surveys (source: DG ECFIN)         |ei_bcs    |folder  |                    |                            |           |         |NA     |
|Consumer surveys (source: DG ECFIN)                      |ei_bcs_cs |folder  |                    |                            |           |         |NA     |
|Consumers - monthly data                                 |ei_bsco_m |dataset |07.01.2016          |07.01.2016                  |1985M01    |2015M12  |NA     |


|title |code |type |last.update.of.data |last.table.structure.change |data.start |data.end |values |
|:-----|:----|:----|:-------------------|:---------------------------|:----------|:--------|:------|


|unit |s_adj |na_item         |sector |geo  |time   | values|
|:----|:-----|:---------------|:------|:----|:------|------:|
|PC   |NSA   |B2G_B3G_RAT_S11 |S11    |AT   |2015Q3 |  42.40|
|PC   |NSA   |B2G_B3G_RAT_S11 |S11    |BE   |2015Q3 |  46.09|
|PC   |NSA   |B2G_B3G_RAT_S11 |S11    |CZ   |2015Q3 |  50.24|
|PC   |NSA   |B2G_B3G_RAT_S11 |S11    |DE   |2015Q3 |  42.78|
|PC   |NSA   |B2G_B3G_RAT_S11 |S11    |DK   |2015Q3 |  38.15|
|PC   |NSA   |B2G_B3G_RAT_S11 |S11    |EA19 |2015Q3 |  41.36|
'data.frame':	8550 obs. of  7 variables:
 $ unit   : Factor w/ 1 level "PC": 1 1 1 1 1 1 1 1 1 1 ...
 $ s_adj  : Factor w/ 2 levels "NSA","SWDA": 1 1 1 1 1 1 1 1 1 1 ...
 $ na_item: Factor w/ 8 levels "B2G_B3G_RAT_S11",..: 1 1 1 1 1 1 1 1 1 1 ...
 $ sector : Factor w/ 2 levels "S11","S14_S15": 1 1 1 1 1 1 1 1 1 1 ...
 $ geo    : Factor w/ 23 levels "AT","BE","CZ",..: 1 2 3 4 5 6 7 8 9 10 ...
 $ time   : chr  "2015Q3" "2015Q3" "2015Q3" "2015Q3" ...
 $ values : num  42.4 46.1 50.2 42.8 38.1 ...


|unit       |s_adj                        |na_item                                                            |sector                     |geo                                              |time   | values|
|:----------|:----------------------------|:------------------------------------------------------------------|:--------------------------|:------------------------------------------------|:------|------:|
|Percentage |Not seasonally adjusted data |Gross profit share of non-financial corporations (B2G_B3G/B1G*100) |Non-financial corporations |Austria                                          |2015Q3 |  42.40|
|Percentage |Not seasonally adjusted data |Gross profit share of non-financial corporations (B2G_B3G/B1G*100) |Non-financial corporations |Belgium                                          |2015Q3 |  46.09|
|Percentage |Not seasonally adjusted data |Gross profit share of non-financial corporations (B2G_B3G/B1G*100) |Non-financial corporations |Czech Republic                                   |2015Q3 |  50.24|
|Percentage |Not seasonally adjusted data |Gross profit share of non-financial corporations (B2G_B3G/B1G*100) |Non-financial corporations |Germany (until 1990 former territory of the FRG) |2015Q3 |  42.78|
|Percentage |Not seasonally adjusted data |Gross profit share of non-financial corporations (B2G_B3G/B1G*100) |Non-financial corporations |Denmark                                          |2015Q3 |  38.15|
|Percentage |Not seasonally adjusted data |Gross profit share of non-financial corporations (B2G_B3G/B1G*100) |Non-financial corporations |Euro area (19 countries)                         |2015Q3 |  41.36|
[1] "PC"
[1] "NSA"  "SWDA"
[1] "B2G_B3G_RAT_S11" "IRG_S11"         "IRG_S14_S15"     "NFW_S14_S15"     "SRG_S14_S15"     "B7G_N_HAB"      
[7] "B7G_R_HAB"       "P4_R_HAB"       
 [1] "AT"   "BE"   "CZ"   "DE"   "DK"   "EA19" "EE"   "EL"   "ES"   "EU28" "FI"   "FR"   "HR"   "IE"   "IT"   "NL"   "PL"  
[18] "PT"   "RO"   "SE"   "SI"   "UK"   "NO"  
NULL
NULL
[1] "S11"     "S14_S15"
[1] "Unit of measure"                                                                     
[2] "Seasonal adjustment"                                                                 
[3] "National accounts indicator (ESA10)"                                                 
[4] "Sector"                                                                              
[5] "Geopolitical entity (reporting)"                                                     
[6] "Period of time (a=annual, q=quarterly, m=monthly, d=daily, c=cumulated from January)"
[7] NA                                                                                    
    unit s_adj sector geo   time B2G_B3G_RAT_S11
1     PC   NSA    S11  AT 2015Q3           42.40
2     PC   NSA    S11  EE 2015Q3           43.43
3     PC   NSA    S11  AT 2015Q2           37.52
4     PC   NSA    S11  EE 2015Q2           44.03
5     PC   NSA    S11  AT 2015Q1           41.34
6     PC   NSA    S11  EE 2015Q1           42.76
7     PC   NSA    S11  AT 2014Q4           41.84
8     PC   NSA    S11  EE 2014Q4           42.67
9     PC   NSA    S11  AT 2014Q3           42.08
10    PC   NSA    S11  EE 2014Q3           47.01
11    PC   NSA    S11  AT 2014Q2           37.16
12    PC   NSA    S11  EE 2014Q2           46.57
13    PC   NSA    S11  AT 2014Q1           41.49
14    PC   NSA    S11  EE 2014Q1           45.97
15    PC   NSA    S11  AT 2013Q4           42.98
16    PC   NSA    S11  EE 2013Q4           45.23
17    PC   NSA    S11  AT 2013Q3           43.03
18    PC   NSA    S11  EE 2013Q3           48.67
19    PC   NSA    S11  AT 2013Q2           38.88
20    PC   NSA    S11  EE 2013Q2           47.97
21    PC   NSA    S11  AT 2013Q1           41.55
22    PC   NSA    S11  EE 2013Q1           47.27
23    PC   NSA    S11  AT 2012Q4           44.21
24    PC   NSA    S11  EE 2012Q4           46.79
25    PC   NSA    S11  AT 2012Q3           43.63
26    PC   NSA    S11  EE 2012Q3           49.00
27    PC   NSA    S11  AT 2012Q2           39.86
28    PC   NSA    S11  EE 2012Q2           48.31
29    PC   NSA    S11  AT 2012Q1           43.42
30    PC   NSA    S11  EE 2012Q1           46.12
31    PC   NSA    S11  AT 2011Q4           44.86
32    PC   NSA    S11  EE 2011Q4           47.47
33    PC   NSA    S11  AT 2011Q3           44.95
34    PC   NSA    S11  EE 2011Q3           49.62
35    PC   NSA    S11  AT 2011Q2           42.26
36    PC   NSA    S11  EE 2011Q2           49.05
37    PC   NSA    S11  AT 2011Q1           44.44
38    PC   NSA    S11  EE 2011Q1           46.82
39    PC   NSA    S11  AT 2010Q4           46.44
40    PC   NSA    S11  EE 2010Q4           46.34
41    PC   NSA    S11  AT 2010Q3           45.96
42    PC   NSA    S11  EE 2010Q3           46.63
43    PC   NSA    S11  AT 2010Q2           40.90
44    PC   NSA    S11  EE 2010Q2           43.42
45    PC   NSA    S11  AT 2010Q1           42.48
46    PC   NSA    S11  EE 2010Q1           39.67
47    PC   NSA    S11  AT 2009Q4           46.93
48    PC   NSA    S11  EE 2009Q4           39.97
49    PC   NSA    S11  AT 2009Q3           45.47
50    PC   NSA    S11  EE 2009Q3           40.55
51    PC   NSA    S11  AT 2009Q2           39.74
52    PC   NSA    S11  EE 2009Q2           38.20
53    PC   NSA    S11  AT 2009Q1           41.81
54    PC   NSA    S11  EE 2009Q1           35.22
55    PC   NSA    S11  AT 2008Q4           45.75
56    PC   NSA    S11  EE 2008Q4           38.61
57    PC   NSA    S11  AT 2008Q3           46.09
58    PC   NSA    S11  EE 2008Q3           42.17
59    PC   NSA    S11  AT 2008Q2           44.06
60    PC   NSA    S11  EE 2008Q2           41.34
61    PC   NSA    S11  AT 2008Q1           46.59
62    PC   NSA    S11  EE 2008Q1           38.87
63    PC   NSA    S11  AT 2007Q4           48.55
64    PC   NSA    S11  EE 2007Q4           42.26
65    PC   NSA    S11  AT 2007Q3           48.30
66    PC   NSA    S11  EE 2007Q3           48.15
67    PC   NSA    S11  AT 2007Q2           45.18
68    PC   NSA    S11  EE 2007Q2           45.68
69    PC   NSA    S11  AT 2007Q1           47.49
70    PC   NSA    S11  EE 2007Q1           46.51
71    PC   NSA    S11  AT 2006Q4           48.74
72    PC   NSA    S11  EE 2006Q4           44.72
73    PC   NSA    S11  AT 2006Q3           48.00
74    PC   NSA    S11  EE 2006Q3           50.46
75    PC   NSA    S11  AT 2006Q2           44.31
76    PC   NSA    S11  EE 2006Q2           47.84
77    PC   NSA    S11  AT 2006Q1           47.70
78    PC   NSA    S11  EE 2006Q1           48.48
79    PC   NSA    S11  AT 2005Q4           47.71
80    PC   NSA    S11  EE 2005Q4           46.96
81    PC   NSA    S11  AT 2005Q3           47.69
82    PC   NSA    S11  EE 2005Q3           51.63
83    PC   NSA    S11  AT 2005Q2           44.57
84    PC   NSA    S11  EE 2005Q2           48.54
85    PC   NSA    S11  AT 2005Q1           45.81
86    PC   NSA    S11  EE 2005Q1           48.35
87    PC   NSA    S11  AT 2004Q4           46.30
88    PC   NSA    S11  EE 2004Q4           46.91
89    PC   NSA    S11  AT 2004Q3           46.97
90    PC   NSA    S11  EE 2004Q3           51.39
91    PC   NSA    S11  AT 2004Q2           43.07
92    PC   NSA    S11  EE 2004Q2           47.58
93    PC   NSA    S11  AT 2004Q1           45.75
94    PC   NSA    S11  EE 2004Q1           47.79
95    PC   NSA    S11  AT 2003Q4           44.48
96    PC   NSA    S11  EE 2003Q4           47.91
97    PC   NSA    S11  AT 2003Q3           45.08
98    PC   NSA    S11  EE 2003Q3           50.05
99    PC   NSA    S11  AT 2003Q2           41.40
100   PC   NSA    S11  EE 2003Q2           48.47
101   PC   NSA    S11  AT 2003Q1           43.95
102   PC   NSA    S11  EE 2003Q1           47.84
103   PC   NSA    S11  AT 2002Q4           44.30
104   PC   NSA    S11  EE 2002Q4           46.09
105   PC   NSA    S11  AT 2002Q3           44.67
106   PC   NSA    S11  EE 2002Q3           49.54
107   PC   NSA    S11  AT 2002Q2           41.20
108   PC   NSA    S11  EE 2002Q2           47.69
109   PC   NSA    S11  AT 2002Q1           43.66
110   PC   NSA    S11  EE 2002Q1           46.17
111   PC   NSA    S11  AT 2001Q4           43.70
112   PC   NSA    S11  EE 2001Q4           46.49
113   PC   NSA    S11  AT 2001Q3           43.59
114   PC   NSA    S11  EE 2001Q3           48.45
115   PC   NSA    S11  AT 2001Q2           40.99
116   PC   NSA    S11  EE 2001Q2           46.45
117   PC   NSA    S11  AT 2001Q1           43.85
118   PC   NSA    S11  EE 2001Q1           44.24
119   PC   NSA    S11  AT 2000Q4           42.87
120   PC   NSA    S11  EE 2000Q4           44.22
121   PC   NSA    S11  AT 2000Q3           43.52
122   PC   NSA    S11  EE 2000Q3           46.47
123   PC   NSA    S11  AT 2000Q2           40.09
124   PC   NSA    S11  EE 2000Q2           45.85
125   PC   NSA    S11  AT 2000Q1           41.71
126   PC   NSA    S11  EE 2000Q1           43.59
127   PC   NSA    S11  AT 1999Q4           41.97
128   PC   NSA    S11  EE 1999Q4           41.96
129   PC   NSA    S11  AT 1999Q3           43.49
130   PC   NSA    S11  EE 1999Q3           47.19
131   PC   NSA    S11  AT 1999Q2           39.35
132   PC   NSA    S11  EE 1999Q2           45.73
133   PC   NSA    S11  AT 1999Q1           40.78
134   PC   NSA    S11  EE 1999Q1           43.78
