

@article{Macallan2008How,
	author      = {Macallan, Clare and Parker, Miles},
	journal     = {Bank of England Quarterly Bulletin},
	pages       = {Q2},
	title       = {How do mark-ups vary with demand?},
	url         = {http://papers.ssrn.com/sol3/papers.cfm?abstract\_id                                                                                                  = 1147038},
	year        = 2008
}

@article{Khan2013Markups,
	author      = {Khan, Hashmat and Kim, Bae-Geun},
	doi         = {10.1016/j.econmod.2012.10.017},
	issn        = {0264-9993},
	journal     = {Economic Modelling},
	pages       = {799-813},
	title       = {Markups and oil prices in Canada},
	url         = {http://www.sciencedirect.com/science/article/pii/S0264999312003549},
	volume      = 30,
	year        = 2013
}

@techreport{Blanchard2008State,
	author      = {Blanchard, Olivier J.},
	institution = {National Bureau of economic research},
	title       = {The state of macro},
	url         = {http://www.nber.org/papers/w14259},
	year        = 2008
}

@article{Klein2011South,
	author      = {Klein, Nir},
	journal     = {IMF Working Papers},
	pages       = {1-22},
	shorttitle  = {South Africa},
	title       = {South Africa: The Cyclical Behavior of the Markups and its Implications for Monetary Policy},
	url         = {http://papers.ssrn.com/sol3/papers.cfm?abstract\_id                                                                                                  = 1930792},
	year        = 2011
}

@article{Phelps1970Optimal,
	author      = {Phelps, E. S. and Winter, S. G.},
	journal     = {Microeconomic Foundations of Employment and Inflation Theory. New York: WW Norton Co},
	title       = {Optimal Price Policy under Atomistic Price Competition},
	year        = 1970
}

@article{Rotemberg1986SupergameTheoretic,
	author      = {Rotemberg, Julio J. and Saloner, Garth},
	issn        = {0002-8282},
	journal     = {The American Economic Review},
	number      = 3,
	pages       = {390-407},
	title       = {A Supergame-Theoretic Model of Price Wars during Booms},
	url         = {http://www.jstor.org/stable/1813358},
	volume      = 76,
	year        = 1986
}

@article{Stiglitz1984Price,
	author      = {Stiglitz, Joseph E.},
	issn        = {0002-8282},
	journal     = {The American Economic Review},
	number      = 2,
	pages       = {350-355},
	title       = {Price Rigidities and Market Structure},
	url         = {http://www.jstor.org/stable/1816383},
	volume      = 74,
	year        = 1984
}

@article{Bils1987Cyclical,
	author      = {Bils, Mark},
	journal     = {The American Economic Review},
	pages       = {838-855},
	title       = {The cyclical behavior of marginal cost and price},
	url         = {http://www.jstor.org/stable/1810212},
	year        = 1987
}

@book{Okun1981Prices,
	author      = {Okun, Arthur M.},
	isbn        = {978-0-8157-1872-7},
	language    = {en},
	publisher   = {Brookings Institution Press},
	shorttitle  = {Prices and Quantities},
	title       = {Prices and Quantities: A Macroeconomic Analysis},
	year        = 1981
}

@article{Klemperer1987Markets,
	author      = {Klemperer, Paul},
	doi         = {10.2307/1885068},
	issn        = 00335533,
	journal     = {The Quarterly Journal of Economics},
	number      = 2,
	pages       = 375,
	title       = {Markets with Consumer Switching Costs},
	url         = {http://qje.oxfordjournals.org/lookup/doi/10.2307/1885068},
	volume      = 102,
	year        = 1987
}

@article{Klemperer1995Competition,
	author      = {Klemperer, Paul},
	doi         = {10.2307/2298075},
	issn        = {0034-6527, 1467-937X},
	journal     = {The Review of Economic Studies},
	language    = {en},
	number      = 4,
	pages       = {515-539},
	shorttitle  = {Competition when Consumers have Switching Costs},
	title       = {Competition when Consumers have Switching Costs: An Overview with Applications to Industrial Organization, Macroeconomics, and International Trade},
	url         = {http://restud.oxfordjournals.org/content/62/4/515},
	volume      = 62,
	year        = 1995
}

@article{Chevalier1996CapitalMarket,
	author      = {Chevalier, Judith A. and Scharfstein, David S.},
	issn        = {0002-8282},
	journal     = {The American Economic Review},
	number      = 4,
	pages       = {703-725},
	shorttitle  = {Capital-Market Imperfections and Countercyclical Markups},
	title       = {Capital-Market Imperfections and Countercyclical Markups: Theory and Evidence},
	url         = {http://www.jstor.org/stable/2118301},
	volume      = 86,
	year        = 1996
}

@article{Haskel1995Price,
	author      = {Haskel, Jonathan and Martin, Christopher and Small, Ian},
	copyright   = {1995 Blackwell Publishing Ltd and the Department of Economics, University of Oxford},
	doi         = {10.1111/j.1468-0084.1995.tb00025.x},
	issn        = {1468-0084},
	journal     = {Oxford Bulletin of Economics and Statistics},
	language    = {en},
	number      = 1,
	pages       = {25-39},
	title       = {Price, Marginal Cost and the Business Cycle†},
	url         = {http://onlinelibrary.wiley.com/doi/10.1111/j.1468-0084.1995.tb00025.x/abstract},
	volume      = 57,
	year        = 1995
}

@techreport{Martins1999Levels,
	address     = {Rochester, NY},
	author      = {Martins, Oliveira and Joaquim, and Scarpetta, Stefano},
	institution = {Social Science Research Network},
	number      = {ID 163775},
	title       = {The Levels and Cyclical Behaviour of Mark-ups across Countries and Market Structures},
	type        = {SSRN Scholarly Paper},
	url         = {http://papers.ssrn.com/abstract                                                                                                                      = 163775},
	year        = 1999
}

@inproceedings{Rotemberg1991Markups,
	author      = {Rotemberg, Julio J. and Woodford, Michael},
	booktitle   = {NBER Macroeconomics Annual 1991, Volume 6},
	pages       = {63-140},
	publisher   = {MIT Press},
	title       = {Markups and the business cycle},
	url         = {http://www.nber.org/chapters/c10982.pdf},
	year        = 1991
}

@article{Chirinko2000Market,
	author      = {Chirinko, Robert S. and Fazzari, Steven M.},
	doi         = {10.1162/003465300558867},
	issn        = {0034-6535},
	journal     = {Review of Economics and Statistics},
	number      = 3,
	pages       = {509-513},
	title       = {Market Power and Inflation},
	url         = {http://dx.doi.org/10.1162/003465300558867},
	volume      = 82,
	year        = 2000
}

@article{Bowdler2004Testing,
	author      = {Bowdler, Christopher and Jansen, Eilev S.},
	journal     = {Department of Economics, UCSD},
	title       = {Testing for a time-varying price-cost markup in the Euro area inflation process},
	url         = {https://escholarship.org/uc/item/4s75w541.pdf},
	year        = 2004
}

@article{Ball2005Monetary,
	author      = {Ball, Laurence and Gregory Mankiw, N. and Reis, Ricardo},
	doi         = {10.1016/j.jmoneco.2005.03.002},
	issn        = {0304-3932},
	journal     = {Journal of Monetary Economics},
	number      = 4,
	pages       = {703-725},
	series      = {SNB},
	title       = {Monetary policy for inattentive economies},
	url         = {http://www.sciencedirect.com/science/article/pii/S0304393205000425},
	volume      = 52,
	year        = 2005
}

@article{Steinsson2003Optimal,
	author      = {Steinsson, Jón},
	doi         = {10.1016/j.jmoneco.2003.08.008},
	issn        = 03043932,
	journal     = {Journal of Monetary Economics},
	language    = {en},
	number      = 7,
	pages       = {1425-1456},
	title       = {Optimal monetary policy in an economy with inflation persistence},
	url         = {http://linkinghub.elsevier.com/retrieve/pii/S0304393203000953},
	volume      = 50,
	year        = 2003
}

@article{Benabou1992Inflation,
	author      = {Bénabou, Roland},
	doi         = {10.1016/0014-2921(92)90114-C},
	issn        = {0014-2921},
	journal     = {European Economic Review},
	number      = {2-3},
	pages       = {566-574},
	shorttitle  = {Inflation and markups},
	title       = {Inflation and markups: Theories and evidence from the retail trade sector},
	url         = {http://www.sciencedirect.com/science/article/pii/001429219290114C},
	volume      = 36,
	year        = 1992
}

@article{Banerjee2005Inflation,
	author      = {Banerjee, Anindya and Russell, Bill},
	doi         = {10.1016/j.jmacro.2003.10.003},
	issn        = 01640704,
	journal     = {Journal of Macroeconomics},
	language    = {en},
	number      = 2,
	pages       = {289-306},
	title       = {Inflation and measures of the markup},
	url         = {http://linkinghub.elsevier.com/retrieve/pii/S0164070405000194},
	volume      = 27,
	year        = 2005
}

@book{Communities2013Europaeisches,
	address     = {Luxembourg},
	author      = {Statistical Office of the European Communities},
	isbn        = {978-92-79-31241-0},
	language    = {German},
	publisher   = {Publications Office},
	shorttitle  = {Europäisches System Volkswirtschaftlicher Gesamtrechnungen},
	title       = {Europäisches System Volkswirtschaftlicher Gesamtrechnungen: ESVG 2010.},
	url         = {http://bookshop.europa.eu/uri?target                                                                                                                 = EUB:NOTICE:KS0213269:DE:HTML},
	year        = 2013
}



@article{Kim2010Identifying,
	author = {Kim, Bae-Geun},
	doi = {10.1016/j.jedc.2010.04.003},
	issn = 01651889,
	journal = {Journal of Economic Dynamics and Control},
	language = {en},
	number = 8,
	pages = {1471-1491},
	title = {Identifying a permanent markup shock and its implications for macroeconomic dynamics},
	url = {http://linkinghub.elsevier.com/retrieve/pii/S0165188910000837},
	volume = 34,
	year = 2010
}



@article{Macallan2008How,
	author      = {Macallan, Clare and Parker, Miles},
	journal     = {Bank of England Quarterly Bulletin},
	pages       = {Q2},
	title       = {How do mark-ups vary with demand?},
	url         = {http://papers.ssrn.com/sol3/papers.cfm?abstract\_id                                                                                                  = 1147038},
	year        = 2008
}

@article{Khan2013Markups,
	author      = {Khan, Hashmat and Kim, Bae-Geun},
	doi         = {10.1016/j.econmod.2012.10.017},
	issn        = {0264-9993},
	journal     = {Economic Modelling},
	pages       = {799-813},
	title       = {Markups and oil prices in Canada},
	url         = {http://www.sciencedirect.com/science/article/pii/S0264999312003549},
	volume      = 30,
	year        = 2013
}

@techreport{Blanchard2008State,
	author      = {Blanchard, Olivier J.},
	institution = {National Bureau of economic research},
	title       = {The state of macro},
	url         = {http://www.nber.org/papers/w14259},
	year        = 2008
}

@article{Klein2011South,
	author      = {Klein, Nir},
	journal     = {IMF Working Papers},
	pages       = {1-22},
	shorttitle  = {South Africa},
	title       = {South Africa: The Cyclical Behavior of the Markups and its Implications for Monetary Policy},
	url         = {http://papers.ssrn.com/sol3/papers.cfm?abstract\_id                                                                                                  = 1930792},
	year        = 2011
}

@article{Phelps1970Optimal,
	author      = {Phelps, E. S. and Winter, S. G.},
	journal     = {Microeconomic Foundations of Employment and Inflation Theory. New York: WW Norton Co},
	title       = {Optimal Price Policy under Atomistic Price Competition},
	year        = 1970
}

@article{Rotemberg1986SupergameTheoretic,
	author      = {Rotemberg, Julio J. and Saloner, Garth},
	issn        = {0002-8282},
	journal     = {The American Economic Review},
	number      = 3,
	pages       = {390-407},
	title       = {A Supergame-Theoretic Model of Price Wars during Booms},
	url         = {http://www.jstor.org/stable/1813358},
	volume      = 76,
	year        = 1986
}

@article{Stiglitz1984Price,
	author      = {Stiglitz, Joseph E.},
	issn        = {0002-8282},
	journal     = {The American Economic Review},
	number      = 2,
	pages       = {350-355},
	title       = {Price Rigidities and Market Structure},
	url         = {http://www.jstor.org/stable/1816383},
	volume      = 74,
	year        = 1984
}

@article{Bils1987Cyclical,
	author      = {Bils, Mark},
	journal     = {The American Economic Review},
	pages       = {838-855},
	title       = {The cyclical behavior of marginal cost and price},
	url         = {http://www.jstor.org/stable/1810212},
	year        = 1987
}

@book{Okun1981Prices,
	author      = {Okun, Arthur M.},
	isbn        = {978-0-8157-1872-7},
	language    = {en},
	publisher   = {Brookings Institution Press},
	shorttitle  = {Prices and Quantities},
	title       = {Prices and Quantities: A Macroeconomic Analysis},
	year        = 1981
}

@article{Klemperer1987Markets,
	author      = {Klemperer, Paul},
	doi         = {10.2307/1885068},
	issn        = 00335533,
	journal     = {The Quarterly Journal of Economics},
	number      = 2,
	pages       = 375,
	title       = {Markets with Consumer Switching Costs},
	url         = {http://qje.oxfordjournals.org/lookup/doi/10.2307/1885068},
	volume      = 102,
	year        = 1987
}

@article{Klemperer1995Competition,
	author      = {Klemperer, Paul},
	doi         = {10.2307/2298075},
	issn        = {0034-6527, 1467-937X},
	journal     = {The Review of Economic Studies},
	language    = {en},
	number      = 4,
	pages       = {515-539},
	shorttitle  = {Competition when Consumers have Switching Costs},
	title       = {Competition when Consumers have Switching Costs: An Overview with Applications to Industrial Organization, Macroeconomics, and International Trade},
	url         = {http://restud.oxfordjournals.org/content/62/4/515},
	volume      = 62,
	year        = 1995
}

@article{Chevalier1996CapitalMarket,
	author      = {Chevalier, Judith A. and Scharfstein, David S.},
	issn        = {0002-8282},
	journal     = {The American Economic Review},
	number      = 4,
	pages       = {703-725},
	shorttitle  = {Capital-Market Imperfections and Countercyclical Markups},
	title       = {Capital-Market Imperfections and Countercyclical Markups: Theory and Evidence},
	url         = {http://www.jstor.org/stable/2118301},
	volume      = 86,
	year        = 1996
}

@article{Haskel1995Price,
	author      = {Haskel, Jonathan and Martin, Christopher and Small, Ian},
	copyright   = {1995 Blackwell Publishing Ltd and the Department of Economics, University of Oxford},
	doi         = {10.1111/j.1468-0084.1995.tb00025.x},
	issn        = {1468-0084},
	journal     = {Oxford Bulletin of Economics and Statistics},
	language    = {en},
	number      = 1,
	pages       = {25-39},
	title       = {Price, Marginal Cost and the Business Cycle†},
	url         = {http://onlinelibrary.wiley.com/doi/10.1111/j.1468-0084.1995.tb00025.x/abstract},
	volume      = 57,
	year        = 1995
}

@techreport{Martins1999Levels,
	address     = {Rochester, NY},
	author      = {Martins, Oliveira and Joaquim, and Scarpetta, Stefano},
	institution = {Social Science Research Network},
	number      = {ID 163775},
	title       = {The Levels and Cyclical Behaviour of Mark-ups across Countries and Market Structures},
	type        = {SSRN Scholarly Paper},
	url         = {http://papers.ssrn.com/abstract                                                                                                                      = 163775},
	year        = 1999
}

@inproceedings{Rotemberg1991Markups,
	author      = {Rotemberg, Julio J. and Woodford, Michael},
	booktitle   = {NBER Macroeconomics Annual 1991, Volume 6},
	pages       = {63-140},
	publisher   = {MIT Press},
	title       = {Markups and the business cycle},
	url         = {http://www.nber.org/chapters/c10982.pdf},
	year        = 1991
}

@article{Chirinko2000Market,
	author      = {Chirinko, Robert S. and Fazzari, Steven M.},
	doi         = {10.1162/003465300558867},
	issn        = {0034-6535},
	journal     = {Review of Economics and Statistics},
	number      = 3,
	pages       = {509-513},
	title       = {Market Power and Inflation},
	url         = {http://dx.doi.org/10.1162/003465300558867},
	volume      = 82,
	year        = 2000
}

@article{Bowdler2004Testing,
	author      = {Bowdler, Christopher and Jansen, Eilev S.},
	journal     = {Department of Economics, UCSD},
	title       = {Testing for a time-varying price-cost markup in the Euro area inflation process},
	url         = {https://escholarship.org/uc/item/4s75w541.pdf},
	year        = 2004
}

@article{Ball2005Monetary,
	author      = {Ball, Laurence and Gregory Mankiw, N. and Reis, Ricardo},
	doi         = {10.1016/j.jmoneco.2005.03.002},
	issn        = {0304-3932},
	journal     = {Journal of Monetary Economics},
	number      = 4,
	pages       = {703-725},
	series      = {SNB},
	title       = {Monetary policy for inattentive economies},
	url         = {http://www.sciencedirect.com/science/article/pii/S0304393205000425},
	volume      = 52,
	year        = 2005
}

@article{Steinsson2003Optimal,
	author      = {Steinsson, Jón},
	doi         = {10.1016/j.jmoneco.2003.08.008},
	issn        = 03043932,
	journal     = {Journal of Monetary Economics},
	language    = {en},
	number      = 7,
	pages       = {1425-1456},
	title       = {Optimal monetary policy in an economy with inflation persistence},
	url         = {http://linkinghub.elsevier.com/retrieve/pii/S0304393203000953},
	volume      = 50,
	year        = 2003
}

@article{Benabou1992Inflation,
	author      = {Bénabou, Roland},
	doi         = {10.1016/0014-2921(92)90114-C},
	issn        = {0014-2921},
	journal     = {European Economic Review},
	number      = {2-3},
	pages       = {566-574},
	shorttitle  = {Inflation and markups},
	title       = {Inflation and markups: Theories and evidence from the retail trade sector},
	url         = {http://www.sciencedirect.com/science/article/pii/001429219290114C},
	volume      = 36,
	year        = 1992
}

@article{Banerjee2005Inflation,
	author      = {Banerjee, Anindya and Russell, Bill},
	doi         = {10.1016/j.jmacro.2003.10.003},
	issn        = 01640704,
	journal     = {Journal of Macroeconomics},
	language    = {en},
	number      = 2,
	pages       = {289-306},
	title       = {Inflation and measures of the markup},
	url         = {http://linkinghub.elsevier.com/retrieve/pii/S0164070405000194},
	volume      = 27,
	year        = 2005
}

@book{Communities2013Europaeisches,
	address     = {Luxembourg},
	author      = {Statistical Office of the European Communities},
	isbn        = {978-92-79-31241-0},
	language    = {German},
	publisher   = {Publications Office},
	shorttitle  = {Europäisches System Volkswirtschaftlicher Gesamtrechnungen},
	title       = {Europäisches System Volkswirtschaftlicher Gesamtrechnungen: ESVG 2010.},
	url         = {http://bookshop.europa.eu/uri?target                                                                                                                 = EUB:NOTICE:KS0213269:DE:HTML},
	year        = 2013
}



@article{Gali2001European,
	author = {Gali, Jordi and Gertler, Mark and Lopez-Salido, J. David},
	journal = {European Economic Review},
	number = 1237,
	pages = 1270,
	title = {European inflation dynamics},
	url = {http://crei.cat/people/gali/ggleer01.pdf},
	volume = 45,
	year = 2001
}

@article{Gali2015Hysteresis,
	author = {Galí, Jordi},
	title = {Hysteresis and the European Unemployment Problem Revisited},
	url = {http://www.ecbforum.eu/up/ficheiros-bin2\_ficheiro\_en\_0980783001432737955-654.pdf},
	year = 2015
}

@article{Masso2005Inflation,
	author = {Masso, Jaan and Staehr, Karsten},
	doi = {10.1016/j.ribaf.2004.12.006},
	issn = {0275-5319},
	journal = {Research in International Business and Finance},
	number = 2,
	pages = {281-303},
	series = {Catalysts and Impediments of Economic Development in Central and Eastern Europe},
	title = {Inflation dynamics and nominal adjustment in the Baltic States},
	url = {http://www.sciencedirect.com/science/article/pii/S0275531905000164},
	volume = 19,
	year = 2005
}

@article{Altig2011FirmSpecific,
	author = {Altig, David and Christiano, Lawrence J. and Eichenbaum, Martin and Lindé, Jesper},
	doi = {10.1016/j.red.2010.01.001},
	issn = {1094-2025},
	journal = {Review of Economic Dynamics},
	number = 2,
	pages = {225-247},
	title = {Firm-specific capital, nominal rigidities and the business cycle},
	url = {http://www.sciencedirect.com/science/article/pii/S1094202510000025},
	volume = 14,
	year = 2011
}

@techreport{Edge2003Responses,
	address = {Rochester, NY},
	author = {Edge, Rochelle M. and Laubach, Thomas and Williams, John C.},
	institution = {Social Science Research Network},
	number = {ID 530845},
	title = {The Responses of Wages and Prices to Technology Shocks},
	type = {SSRN Scholarly Paper},
	url = {http://papers.ssrn.com/abstract=530845},
	year = 2003
}

@article{Phillips1998Impulse,
	author = {Phillips, Peter C. B},
	doi = {10.1016/S0304-4076(97)00064-X},
	issn = {0304-4076},
	journal = {Journal of Econometrics},
	number = {1-2},
	pages = {21-56},
	title = {Impulse response and forecast error variance asymptotics in nonstationary VARs},
	url = {http://www.sciencedirect.com/science/article/pii/S030440769700064X},
	volume = 83,
	year = 1998
}

@article{Neiss2001Markup,
	author = {Neiss, Katharine S.},
	copyright = {Canadian Economics Association 2001},
	doi = {10.1111/0008-4085.00089},
	issn = {1540-5982},
	journal = {Canadian Journal of Economics/Revue canadienne d'économique},
	language = {en},
	number = 2,
	pages = {570-587},
	shorttitle = {The markup and inflation},
	title = {The markup and inflation: evidence in OECD countries},
	url = {http://onlinelibrary.wiley.com/doi/10.1111/0008-4085.00089/abstract},
	volume = 34,
	year = 2001
}

@misc{Ecb2004Measuring,
	author = {ECB, },
	journal = {Monthly Bulletin articles},
	year = {2004 January}, 
	pages = {63-73},
	title = {MEASURING AND ANALYSING PROFIT DEVELOPMENTS IN THE EURO AREA},
	url = {https://www.ecb.europa.eu/pub/pdf/other/pp63-73\_mb200401en.pdf}
}

@misc{Kramer2010Methodological,
	author = {Kramer,M },
	journal = {WGF, November},
	year = {2010},
	title = {Methodological note on profit margin indicator}
}

@book{franccois2007understanding,
  title={Understanding national accounts},
  author={Fran{\c{c}}ois, Lequiller and Derek, Blades},
  year={2007},
  publisher={OECD Publishing}
}

