@Manual{,
  title = {knitr: A General-Purpose Package for Dynamic Report Generation in R},
  author = {Yihui Xie},
  year = {2016},
  note = {R package version 1.12},
  url = {http://yihui.name/knitr/},
}

@Book{,
  title = {Dynamic Documents with {R} and knitr},
  author = {Yihui Xie},
  publisher = {Chapman and Hall/CRC},
  address = {Boca Raton, Florida},
  year = {2015},
  edition = {2nd},
  note = {ISBN 978-1498716963},
  url = {http://yihui.name/knitr/},
}

@InCollection{,
  booktitle = {Implementing Reproducible Computational Research},
  editor = {Victoria Stodden and Friedrich Leisch and Roger D. Peng},
  title = {knitr: A Comprehensive Tool for Reproducible Research in {R}},
  author = {Yihui Xie},
  publisher = {Chapman and Hall/CRC},
  year = {2014},
  note = {ISBN 978-1466561595},
  url = {http://www.crcpress.com/product/isbn/9781466561595},
}
@Manual{,
  title = {readxl: Read Excel Files},
  author = {Hadley Wickham},
  year = {2015},
  note = {R package version 0.1.0},
  url = {http://CRAN.R-project.org/package=readxl},
}
@Article{,
  title = {VAR, SVAR and SVEC Models: Implementation Within {R} Package {vars}},
  author = {Bernhard Pfaff},
  journal = {Journal of Statistical Software},
  year = {2008},
  volume = {27},
  number = {4},
  url = {http://www.jstatsoft.org/v27/i04/},
}

@Book{,
  title = {Analysis of Integrated and Cointegrated Time Series with R},
  author = {B. Pfaff},
  publisher = {Springer},
  edition = {Second},
  address = {New York},
  year = {2008},
  note = {ISBN 0-387-27960-1},
  url = {http://www.pfaffikus.de},
}
@Article{,
  title = {Diagnostic Checking in Regression Relationships},
  author = {Achim Zeileis and Torsten Hothorn},
  journal = {R News},
  year = {2002},
  volume = {2},
  number = {3},
  pages = {7--10},
  url = {http://CRAN.R-project.org/doc/Rnews/},
}
@Article{,
  title = {strucchange: An R Package for Testing
                  for Structural Change in Linear Regression Models},
  author = {Achim Zeileis and Friedrich Leisch and Kurt Hornik and Christian Kleiber},
  journal = {Journal of Statistical Software},
  year = {2002},
  volume = {7},
  number = {2},
  pages = {1--38},
  url = {http://www.jstatsoft.org/v07/i02/},
}

@Article{,
  title = {Testing and Dating of Structural Changes in Practice},
  author = {Achim Zeileis and Christian Kleiber and Walter Kr\"amer and Kurt Hornik},
  journal = {Computational Statistics \& Data Analysis},
  year = {2003},
  volume = {44},
  pages = {109--123},
}

@Article{,
  title = {Implementing a Class of Structural Change Tests: An Econometric Computing Approach},
  author = {Achim Zeileis},
  journal = {Computational Statistics \& Data Analysis},
  year = {2006},
  volume = {50},
  pages = {2987--3008},
}
@Article{,
  title = {Econometric Computing with HC and HAC Covariance Matrix Estimators},
  author = {Achim Zeileis},
  journal = {Journal of Statistical Software},
  year = {2004},
  volume = {11},
  number = {10},
  pages = {1--17},
  url = {http://www.jstatsoft.org/v11/i10/},
}

@Article{,
  title = {Object-Oriented Computation of Sandwich Estimators},
  author = {Achim Zeileis},
  journal = {Journal of Statistical Software},
  year = {2006},
  volume = {16},
  number = {9},
  pages = {1--16},
  url = {http://www.jstatsoft.org/v16/i09/.},
}
@Article{,
  title = {zoo: S3 Infrastructure for Regular and Irregular Time Series},
  author = {Achim Zeileis and Gabor Grothendieck},
  journal = {Journal of Statistical Software},
  year = {2005},
  volume = {14},
  number = {6},
  pages = {1--27},
  url = {http://www.jstatsoft.org/v14/i06/},
}
@Book{,
  title = {Modern Applied Statistics with S},
  author = {W. N. Venables and B. D. Ripley},
  publisher = {Springer},
  edition = {Fourth},
  address = {New York},
  year = {2002},
  note = {ISBN 0-387-95457-0},
  url = {http://www.stats.ox.ac.uk/pub/MASS4},
}
@Manual{,
  title = {seasonal: R Interface to X-13-ARIMA-SEATS},
  author = {Christoph Sax},
  year = {2015},
  note = {R package version 1.1.0},
  url = {http://CRAN.R-project.org/package=seasonal},
}
@Manual{,
  title = {Hmisc: Harrell Miscellaneous},
  author = {Frank E Harrell Jr and with contributions from Charles Dupont and many others.},
  year = {2015},
  note = {R package version 3.17-1},
  url = {http://CRAN.R-project.org/package=Hmisc},
}
@Article{,
  title = {Extended Model Formulas in {R}: Multiple Parts and Multiple Responses},
  author = {Achim Zeileis and Yves Croissant},
  journal = {Journal of Statistical Software},
  year = {2010},
  volume = {34},
  number = {1},
  pages = {1--13},
  url = {http://www.jstatsoft.org/v34/i01/},
}
@Manual{survival-package,
  title = {A Package for Survival Analysis in S},
  author = {Terry M Therneau},
  year = {2015},
  note = {version 2.38},
  url = {http://CRAN.R-project.org/package=survival},
}

@Book{survival-book,
  title = {Modeling Survival Data: Extending the {C}ox Model},
  author = {{Terry M. Therneau} and {Patricia M. Grambsch}},
  year = {2000},
  publisher = {Springer},
  address = {New York},
  isbn = {0-387-98784-3},
}
@Book{,
  title = {Lattice: Multivariate Data Visualization with R},
  author = {Deepayan Sarkar},
  publisher = {Springer},
  address = {New York},
  year = {2008},
  note = {ISBN 978-0-387-75968-5},
  url = {http://lmdvr.r-forge.r-project.org},
}
@Manual{,
  title = {xtable: Export Tables to LaTeX or HTML},
  author = {David B. Dahl},
  year = {2015},
  note = {R package version 1.8-0},
  url = {http://CRAN.R-project.org/package=xtable},
}
@Manual{,
  title = {stargazer: Well-Formatted Regression and Summary Statistics Tables},
  author = {Marek Hlavac},
  year = {2015},
  note = {R package version 5.2},
  organization = {Harvard University},
  address = {Cambridge, USA},
  url = {http://CRAN.R-project.org/package=stargazer},
}
@Book{,
  title = {Analysis of Integrated and Cointegrated Time Series with R},
  author = {B. Pfaff},
  publisher = {Springer},
  edition = {Second},
  address = {New York},
  year = {2008},
  note = {ISBN 0-387-27960-1},
  url = {http://www.pfaffikus.de},
}
@Article{,
  title = {Dates and Times Made Easy with {lubridate}},
  author = {Garrett Grolemund and Hadley Wickham},
  journal = {Journal of Statistical Software},
  year = {2011},
  volume = {40},
  number = {3},
  pages = {1--25},
  url = {http://www.jstatsoft.org/v40/i03/},
}
@Misc{,
  title = {eurostat R package},
  author = {Leo Lahti and Przemyslaw Biecek and Janne Huovari and Markus Kainu},
  year = {2014},
  url = {https://github.com/rOpenGov/eurostat},
}
@Manual{,
  title = {tikzDevice: R Graphics Output in LaTeX Format},
  author = {Charlie Sharpsteen and Cameron Bracken},
  year = {2015},
  note = {R package version 0.9},
  url = {http://CRAN.R-project.org/package=tikzDevice},
}
@Manual{,
  title = {{qdap}: {Q}uantitative Discourse Analysis Package},
  author = {Tyler W. Rinker},
  organization = {University at Buffalo/SUNY},
  address = {Buffalo, New York},
  note = {2.2.4},
  year = {2013},
  url = {http://github.com/trinker/qdap},
}
@Manual{,
  title = {RColorBrewer: ColorBrewer Palettes},
  author = {Erich Neuwirth},
  year = {2014},
  note = {R package version 1.1-2},
  url = {http://CRAN.R-project.org/package=RColorBrewer},
}
@Manual{,
  title = {{qdapTools}: Tools to Accompany the qdap Package},
  author = {Tyler W. Rinker},
  organization = {University at Buffalo/SUNY},
  address = {Buffalo, New York},
  note = {1.3.1},
  year = {2015},
  url = {http://github.com/trinker/qdapTools},
}
@Manual{,
  title = {{qdapRegex}: Regular Expression Removal, Extraction, and Replacement Tools},
  author = {Tyler W. Rinker},
  organization = {University at Buffalo/SUNY},
  address = {Buffalo, New York},
  note = {0.6.0},
  year = {2015},
  url = {http://github.com/trinker/qdapRegex},
}
@Manual{,
  title = {{qdapDictionaries}: Dictionaries to Accompany the qdap Package},
  author = {Tyler W. Rinker},
  organization = {University at Buffalo/SUNY},
  address = {Buffalo, New York},
  note = {1.0.5},
  year = {2013},
  url = {http://github.com/trinker/qdapDictionaries},
}
@Manual{,
  title = {haven: Import SPSS, Stata and SAS Files},
  author = {Hadley Wickham and Evan Miller},
  note = {R package version 0.2.0.9000},
  url = {https://github.com/hadley/haven, https://github.com/WizardMac/ReadStat},
}
@Book{,
  author = {Hadley Wickham},
  title = {ggplot2: Elegant Graphics for Data Analysis},
  publisher = {Springer-Verlag New York},
  year = {2009},
  isbn = {978-0-387-98140-6},
  url = {http://had.co.nz/ggplot2/book},
}
@Article{,
  title = {Reshaping Data with the {reshape} Package},
  author = {Hadley Wickham},
  journal = {Journal of Statistical Software},
  year = {2007},
  volume = {21},
  number = {12},
  pages = {1--20},
  url = {http://www.jstatsoft.org/v21/i12/},
}
@Manual{,
  title = {tidyr: Easily Tidy Data with `spread()` and `gather()` Functions},
  author = {Hadley Wickham},
  year = {2015},
  note = {R package version 0.3.1},
  url = {http://CRAN.R-project.org/package=tidyr},
}
@Manual{,
  title = {tempdisagg: Methods for Temporal Disaggregation and Interpolation of Time Series},
  author = {Christoph Sax and Peter Steiner},
  year = {2015},
  note = {R package version 0.24.1},
  url = {http://journal.r-project.org/archive/2013-2/sax-steiner.pdf},
}
@Manual{,
  title = {dplyr: A Grammar of Data Manipulation},
  author = {Hadley Wickham and Romain Francois},
  year = {2015},
  note = {R package version 0.4.3},
  url = {http://CRAN.R-project.org/package=dplyr},
}
@Manual{,
  title = {brew: Templating Framework for Report Generation},
  author = {Jeffrey Horner},
  year = {2011},
  note = {R package version 1.0-6},
  url = {http://CRAN.R-project.org/package=brew},
}
@Manual{,
  title = {broom: Convert Statistical Analysis Objects into Tidy Data Frames},
  author = {David Robinson},
  year = {2015},
  note = {R package version 0.4.0},
  url = {http://CRAN.R-project.org/package=broom},
}
\begin{itemize}\raggedright
  \item R version 3.2.1 (2015-06-18), \verb|x86_64-apple-darwin13.4.0|
  \item Base packages: base, datasets, graphics, grDevices, methods, stats, utils
  \item Other packages: brew~1.0-6, broom~0.4.0, dplyr~0.4.3, eurostat~1.1.9003, Formula~1.2-1, ggplot2~2.0.0, haven~0.2.0.9000, Hmisc~3.17-1, knitr~1.12, lattice~0.20-33,
    lmtest~0.9-34, lubridate~1.5.0, MASS~7.3-45, qdap~2.2.4, qdapDictionaries~1.0.6, qdapRegex~0.6.0, qdapTools~1.3.1, RColorBrewer~1.1-2, readxl~0.1.0, reshape2~1.4.1,
    sandwich~2.3-4, seasonal~1.1.0, stargazer~5.2, strucchange~1.5-1, survival~2.38-3, tempdisagg~0.24.1, tidyr~0.3.1, tikzDevice~0.9, urca~1.2-8, vars~1.5-2,
    xtable~1.8-0, zoo~1.7-12
  \item Loaded via a namespace (and not attached): acepack~1.3-3.3, assertthat~0.1, bitops~1.0-6, chron~2.3-47, cluster~2.0.3, colorspace~1.2-6, data.table~1.9.6,
    DBI~0.3.1, filehash~2.3, foreign~0.8-66, gdata~2.17.0, gender~0.5.1, grid~3.2.1, gridExtra~2.0.0, gtable~0.1.2, gtools~3.5.0, igraph~1.0.1, latticeExtra~0.6-26,
    magrittr~1.5, mnormt~1.5-3, munsell~0.4.2, nlme~3.1-122, NLP~0.1-8, nnet~7.3-11, openNLP~0.2-5, openNLPdata~1.5.3-2, parallel~3.2.1, plotrix~3.6-1, plyr~1.8.3,
    psych~1.5.8, R6~2.1.1, Rcpp~0.12.2, RCurl~1.95-4.7, reports~0.1.4, rJava~0.9-8, rpart~4.1-10, scales~0.3.0, slam~0.1-32, splines~3.2.1, stringi~1.0-1, stringr~1.0.0,
    tm~0.6-2, tools~3.2.1, venneuler~1.1-0, wordcloud~2.5, xlsx~0.5.7, xlsxjars~0.6.1, XML~3.98-1.3
\end{itemize}
